3210 5010
687 329 910 392 ..27-

212 513 272 568 cat:
298 511 365 568 deos
389 527 442 568 sua
464 509 614 582 prudentia
637 509 666 566 id
689 525 820 578 curasse,
844 509 928 566 utin
952 508 1070 566 Graecia
1093 508 1249 566 incolamm
1272 524 1387 566 numero

210 600 267 657 iam
291 617 345 657 non
375 599 490 656 florente
517 601 561 656 tot
587 600 701 656 tanturn
729 598 904 655 oraculorum
932 597 1073 655 domicilia
1097 601 1192 656 essent
1215 600 1283 670 quot
1306 598 1386 655 suffi-

212 691 319 757 cerent3
348 688 456 761 rquua
479 704 544 746 vero
567 686 696 760 pristinis
718 687 893 759 temporibus
916 687 1021 744 maiore
1045 687 1250 745 consedentium
1273 704 1386 744 numero

163 801 165 805 ’
210 778 359 851 postulata
389 779 458 835 tunc
482 794 544 834 esse
572 792 792 849 supervacanea.
838 775 945 832 Eadem
974 775 1083 833 ratione
1106 775 1272 833 Ammonius
1296 793 1319 833 c.
1344 773 1387 834 46

213 866 420 924 Cleombrotum
443 868 471 923 et
484 865 646 938 Lampriam
666 864 801 938 castigat,
826 864 900 938 quod
924 881 955 922 eo
979 883 1035 922 rem
1060 865 1237 934 deduxerint,
1261 867 1293 922 ut
1317 864 1387 921 divi·

212 955 290 1013 natio
320 973 337 1011 a
365 955 424 1012 deis
449 955 485 1011 ad
508 953 621 1028 genios,
651 971 668 1010 a
695 953 787 1026 geniis
816 955 852 1010 ad
882 956 974 1011 terrae
997 953 1316 1012 exhalationesreieota
1340 953 1387 1010 sit.

211 1043 352 1101 Necesse
371 1044 542 1117 intellegere,
565 1059 615 1100 cur
632 1042 758 1100 homines
778 1043 882 1100 adeant
900 1043 1024 1112 oracula,
1050 1042 1072 1100 si
1095 1043 1123 1099 in
1142 1043 1266 1116 ipsorum
1286 1042 1387 1099 animis

212 1133 280 1191 insit
300 1132 445 1190 divinandi
462 1133 505 1191 uis
524 1132 607 1189 facile
631 1132 789 1189 excitanda.
834 1132 1058 1189 Commentorunr
1077 1134 1171 1189 autem
1194 1132 1305 1205 plenam
1326 1149 1388 1188 esse

211 1222 348 1292 fabulam,
374 1239 446 1295 quae
470 1223 569 1279 doceat
593 1222 720 1278 Coretam
748 1223 892 1294 pastorem
919 1238 988 1278 casu
1017 1221 1139 1293 quedam
1166 1221 1295 1294 Delphici
1324 1237 1388 1277 ora·

212 1311 268 1369 culi
299 1311 356 1368 uim
379 1310 525 1368 detexisse.
572 1311 660 1368 Immo
693 1310 748 1367 sibi
776 1309 927 1383 cogitanti,
952 1312 1089 1383 quantum
1120 1310 1266 1368 debuerint
1289 1309 1386 1367 Graeci

212 1400 347 1473 Delphico
381 1400 509 1469 oraculo,
542 1400 604 1457 luce
636 1399 741 1457 clarius
768 1399 856 1457 mderi
884 1399 1027 1457 oraculum
1054 1401 1111 1468 θεῷ
1130 1401 1175 1454 καὶ
1192 1401 1310 1469 προνοίᾳ,
1333 1415 1389 1455 non

212 1491 278 1545 κατὰ
297 1492 378 1559 τύχην
396 1491 441 1544 καὶ
460 1491 598 1558 αὐτομάτῳ
617 1488 760 1546 conditum
784 1506 854 1546 essu.
892 1489 975 1545 Hauc
998 1488 1279 1562 argumentationum,
1304 1505 1389 1561 quam

212 1579 396 1636 Plutarchum
419 1595 475 1635 non
499 1578 612 1636 aliunde
632 1577 795 1650 arripuisse,
820 1578 869 1634 sed
893 1578 926 1634 de
950 1594 1000 1635 suo
1023 1578 1136 1651 ingenio
1155 1577 1303 1635 Ammonio
1327 1576 1388 1633 vin-

213 1668 323 1726 dicasse
346 1669 435 1741 patet‚
461 1685 524 1725 eum
547 1685 580 1724 ea
600 1684 656 1740 qua
679 1667 755 1724 Theo
778 1669 876 1725 utatur
899 1667 1056 1724 consentire
1080 1666 1143 1740 quis
1168 1668 1211 1724 est
1234 1666 1301 1739 quin
1325 1683 1389 1739 per-

212 1756 334 1830 spiciat?
378 1757 424 1813 Ab
457 1758 575 1829 utroque
609 1755 754 1828 opiniones
786 1757 871 1830 vulgo
903 1756 1026 1814 traditae
1059 1759 1087 1814 et
1109 1751 1228 1829 'publica
1256 1755 1390 1828 religione

212 1847 351 1919 probatae
375 1846 571 1903 defenduntur.
1053 1906 1060 1936 '

303 1935 357 1993 His
381 1935 511 1992 omuibus
531 1934 603 1992 satis
626 1935 772 2007 perpensis
796 1934 864 1991 mihi
886 1934 1037 2007 praecipue
1059 1934 1089 1991 in
1112 1933 1161 1991 illo
1185 1934 1218 1991 de
1241 1933 1324 2007 Pyth.
1349 1950 1389 1991 or.

214 2023 310 2082 libello
330 2024 476 2082 Plutarchi
495 2023 585 2096 ipsius
606 2023 746 2081 sententia
764 2041 836 2096 pura
856 2026 884 2081 et
901 2024 990 2096 plana
1008 2023 1118 2081 uidetur
1141 2025 1260 2080 exstare.
1299 2023 1390 2091 Quid?

215 2113 339 2186 inquies,
369 2113 596 2186 daemonelogia,
621 2131 706 2186 quam
729 2113 900 2185 permultum
924 2113 999 2185 apud
1026 2112 1209 2170 Plutarchum
1241 2112 1334 2170 valere
1362 2111 1391 2168 in

216 2202 345 2260 confesso
366 2204 423 2272 est,
442 2219 534 2259 nonne
559 2201 658 2259 abillo
682 2202 735 2259 hoc
758 2202 839 2259 modo
863 2218 980 2275 prorsus
1004 2201 1232 2259 abiudicabitur?
1264 2201 1390 2258 Concedo

213 2291 413 2363 gravissimam
435 2291 509 2348 hanc
532 2309 594 2348 esse
618 2291 823 2349 dubitationem
846 2308 962 2364 eamque
991 2293 1106 2364 propter
1128 2290 1298 2348 fluctuantes
1322 2290 1390 2347 Plu·

213 2380 305 2437 tarchi
327 2380 483 2437 sententias
508 2379 648 2437 difficilem
673 2381 709 2436 ad
733 2380 943 2453 expediendum.
986 2378 1045 2437 Nec
1067 2382 1163 2438 tamen
1186 2379 1391 2453 neglegendum

214 2471 257 2526 est
272 2469 503 2538 Chaeronensem,
519 2469 599 2526 cuius
618 2469 645 2526 in
661 2469 775 2541 scriptis
791 2469 943 2527 sescenties
958 2486 1047 2541 paene
1062 2470 1211 2526 daemones
1231 2470 1390 2537 occurrunt,

213 2558 427 2615 fundamentum
460 2558 690 2631 daemonologiae
729 2559 822 2631 ipsum
854 2558 1037 2616 labefactare.
1090 2558 1183 2627 Quid?
1217 2557 1292 2631 quod
1323 2574 1390 2629 pra-

213 2664 310 2704 vorum
334 2647 500 2704 daemonum
523 2647 627 2719 ophilo,
652 2665 708 2720 qua
732 2648 848 2705 sublata
874 2650 964 2705 totam
993 2646 1235 2720 daemonologiam
1264 2662 1391 2703 corruere

215 2736 248 2793 de
272 2736 326 2794 def.
351 2753 391 2794 or.
420 2735 459 2795 16
483 2754 511 2809 p.
532 2730 613 2796 41ss
635 2736 784 2806 statuitur,
819 2737 856 2793 ab
889 2754 920 2794 eo
953 2736 1059 2794 ridetur
1087 2738 1114 2793 et
1146 2735 1302 2793 vanissima
1334 2735 1391 2792 exi-

214 2825 364 2883 stimatur?
388 2827 449 2883 Hoc
468 2826 620 2882 ostendunt
639 2826 693 2883 duo
712 2826 776 2895 loci,
800 2826 850 2883 ubi
873 2825 966 2883 nescio
990 2844 1026 2883 an
1046 2825 1212 2883 Xenocratis
1237 2825 1270 2881 de
1294 2824 1390 2897 pravis

214 2915 398 2972 daemonibus
417 2915 523 2987 placito
548 2915 720 2973 adversetur.
768 2913 842 2972 Narn
866 2915 893 2972 in
926 2915 983 2972 vita
1006 2915 1103 2987 Pelep.
1134 2916 1169 2987 (c.
1196 2912 1250 2987 21)
1279 2914 1391 2970 Theba-

213 3021 314 3061 norum
338 3005 422 3061 ducas
446 3004 487 3061 sic
510 3004 728 3061 ratiocinantur:
760 3006 792 3059 οὐ
815 3005 864 3074 γὰρ
886 3005 945 3065 τοὺς
968 3007 1096 3073 Τυφῶνας
1115 3006 1230 3063 ἐκείνους
1249 3004 1311 3058 οὐδὲ
1333 3003 1392 3063 τοὺς

213 3096 337 3162 Γίγαντας
356 3095 453 3162 ἄρχειν,
472 3094 535 3147 ἀλλὰ
555 3095 598 3147 τὸν
620 3095 724 3147 πάντων
746 3095 844 3162 πατέρα
868 3096 941 3148 θεῶν
963 3094 1009 3148 καί
1032 3095 1196 3162 ἀνθρώπων
1221 3095 1345 3160 δαίμονας
1363 3091 1393 3146 δὲ

215 3184 352 3251 χαίροντας
371 3183 524 3250 ἀνθρώπων
542 3186 629 3249 αἵματι
648 3183 693 3235 καί
712 3184 788 3250 φόνῳ
806 3184 933 3236 πιστεύειν
950 3182 998 3249 μὲν
1018 3185 1081 3241 ἴσως
1100 3183 1167 3235 ε’στίν
1185 3183 1330 3251 ἀβέλτερον,
1350 3184 1391 3234 ὅν·

217 3292 270 3323 των
288 3270 317 3323 δὲ
335 3272 462 3324 τοιούτων
478 3271 619 3339 ἀμελητέον
637 3272 675 3329 ὡς
693 3271 836 3324 ἀδυνάτων.
879 3270 965 3327 Porro
989 3270 1174 3338 Plutarchus,
1200 3286 1262 3326 Cum
1286 3270 1319 3326 du
1343 3286 1391 3326 su-

214 3360 303 3430 perst.
332 3355 370 3416 13
395 3359 511 3415 cruenta
535 3356 810 3430 Carthaginiensium
835 3358 975 3416 sacrificia
999 3359 1160 3426 insectetur,
1185 3358 1303 3415 nocendi
1326 3358 1391 3427 vim,

217 3464 303 3518 quam
325 3446 497 3504 Xenocrates
522 3447 617 3518 pravis
641 3446 824 3504 daemonibus
848 3446 1055 3520 assignaverat,
1080 3447 1140 3519 ipse
1163 3447 1208 3505 his
1233 3446 1325 3504 verbis
1348 3446 1392 3503 in·

214 3535 327 3608 fringit:
352 3538 376 3588 εἰ
393 3536 422 3589 δὲ
444 3537 570 3604 Τυφῶνές
588 3559 653 3596 τινες
676 3537 692 3605 ἢ
712 3538 831 3604 Γίγαντες
850 3537 932 3605 ἦρχον
951 3538 1028 3605 ἡμῶν
1046 3538 1105 3596 τοὺς
1128 3537 1208 3595 θεοὺς
1230 3538 1392 3605 ἐκβαλόντες,

214 3627 299 3684 ποίαις
323 3625 355 3677 ἂν
377 3627 470 3693 ἥδοντο
495 3627 599 3684 θυσίαις
622 3625 638 3693 ἢ
663 3627 731 3682 τίνας
749 3626 827 3683 ἄλλας
846 3627 991 3693 ἱερουργίας
1010 3627 1138 3694 ἀντῄτουν,Ι
1161 3625 1213 3682 Vix
1241 3623 1392 3697 quisquam

214 3713 326 3785 opinor,
351 3712 399 3784 qui
429 3712 594 3769 daemonum
627 3713 786 3785 opinionem
814 3713 971 3770 stultiorem
1004 3731 1087 3786 quarn
1115 3715 1148 3770 ut
1176 3731 1237 3769 eam
1269 3712 1393 3784 accipiat

215 3803 319 3872 censet,
343 3801 414 3859 talia
437 3801 669 3874 philosophorum
692 3803 849 3859 commenta
873 3802 944 3859 serio
973 3802 1029 3859 sibi
1058 3801 1241 3874 persuaserit.
1289 3801 1340 3857 Pia
1364 3803 1392 3858 et

214 3891 324 3948 sincera
344 3891 446 3960 mente,
470 3892 502 3948 ut
522 3890 724 3948 Chaeronensis
749 3890 782 3947 de
800 3890 884 3964 Pyth.
910 3908 949 3948 or.
964 3891 1085 3964 mystica
1109 3891 1237 3948 doctrina
1260 3907 1315 3946 non
1340 3890 1392 3947 im·

214 3980 300 4038 butus
319 3982 467 4053 paternam
486 3980 650 4054 religionem
670 3979 872 4037 defendendam
893 3980 1026 4053 suscepit,
1051 3980 1093 4037 ita
1107 3979 1135 4036 in
1152 3979 1200 4036 illo
1216 3980 1249 4035 de
1269 3982 1391 4052 superst.

213 4069 309 4127 libello
343 4068 552 4141 superstitionis
585 4069 688 4141 stirpes
716 4069 876 4126 evellendas
909 4069 1026 4128 curavit.
1077 4068 1207 4138 Accedit,
1241 4069 1314 4141 qued
1348 4068 1393 4124 hic

214 4157 271 4214 illic
294 4158 323 4214 in
347 4158 406 4215 eius
430 4157 544 4230 seriptis
568 4158 685 4230 sceptici
707 4157 813 4231 ingenii
836 4156 939 4214 indicia
963 4158 1153 4230 reperiuntur,
1178 4157 1254 4214 velut
1277 4157 1305 4214 in
1326 4157 1392 4215 vitis

214 4246 289 4307 Cam.
315 4245 349 4316 6,
375 4246 475 4304 Coriol.
501 4244 542 4306 38
576 4249 604 4304 et
631 4247 660 4304 in
688 4246 842 4304 moralibus
876 4246 990 4319 scriptis
1024 4247 1057 4304 de
1090 4264 1144 4304 ser.
1177 4264 1254 4304 num.
1279 4244 1314 4316 4,
1344 4244 1391 4316 14,

214 4335 248 4392 de
272 4335 325 4392 def.
351 4352 390 4392 or.
416 4332 456 4395 37
482 4337 551 4393 extr.
561 4329 595 4409 ¹).

305 4526 326 4594 ¹)
346 4525 501 4579 Volkmann
515 4525 582 4593 Hp.
604 4526 656 4579 254
666 4541 736 4592 sqq.;
760 4525 856 4592 Pauly.
877 4524 1088 4592 ‘aea-meyer?
1106 4525 1131 4578 V
1150 4541 1176 4592 p.
1202 4525 1278 4578 1775.
