3210 5010
684 295 903 355 ..24-

210 477 268 534 iam
291 476 459 535 vetustiores
483 475 617 548 magistri
640 473 769 531 Porticus
793 473 941 543 fecissent,
966 473 1063 546 quidni
1087 473 1257 545 posteriores
1288 491 1305 530 a
1327 473 1387 546 pri-

210 566 284 625 stino
309 565 422 624 scholae
445 565 537 638 rigore
561 564 616 620 iam
640 564 758 621 multum
782 563 904 636 regressi
935 563 972 619 ad
994 562 1193 619 Academicam
1217 563 1250 620 de
1274 563 1387 619 daemo-

209 655 293 713 nibus
316 654 485 712 sententiam
509 671 593 726 quam
617 652 673 709 iam
696 652 881 710 tractavimus
904 651 1120 709 inclinaverint?
1156 652 1202 708 Ad
1224 651 1276 708 hos
1300 651 1387 709 refero

211 743 326 802 Stobaei
348 742 540 801 testimonium
564 742 615 799 ecl.
639 743 677 810 ll,
704 741 732 811 7,
758 735 825 801 5¹³¹2
847 742 887 812 (ll
910 759 938 813 p.
964 739 1004 801 67
1023 742 1095 813 W.):
1119 741 1183 795 εἶναι
1207 741 1236 794 δὲ
1260 742 1305 810 τὴν
1322 763 1388 808 μαν-

211 835 284 902 τικήν
303 855 383 902 φασιν
401 834 543 901 ἐπιστήμην
557 832 726 900 θεωρητικὴν
744 833 859 901 σημείων
879 839 930 883 τῶν
948 832 999 884 ἀπὸ
1018 834 1090 884 θεῶν
1109 833 1154 884 καὶ
1173 833 1305 898 δαιμόνων
1322 831 1388 898 πρὸς

210 924 379 990 ἀνθρώπινον
396 924 454 992 βίον
473 924 662 975 συντεινόντων.
704 921 832 992 Apparob
855 921 949 976 autom
972 919 1116 976 Posidonii
1139 919 1251 992 quidem
1275 920 1388 975 daemo-

210 1029 274 1080 nes,
299 1028 369 1084 quos
397 1010 425 1067 iil
449 1009 529 1066 libris
554 1008 601 1081 qlli
624 1008 752 1081 inscripti
777 1011 858 1066 orallt
875 1010 933 1076 περὶ
953 1010 1052 1077 ἡρώων
1070 1010 1115 1062 καί
1134 1011 1266 1076 δαιμόνων
1289 1007 1387 1078 (lepin-

212 1101 304 1169 xerat,
338 1098 507 1157 Academieo
541 1099 632 1155 colore
664 1098 769 1156 tinctos
806 1097 894 1155 hiisse
928 1096 975 1170 (cf.
1008 1097 1134 1155 Macrob.
1164 1099 1221 1155 sat.
1252 1099 1280 1167 Ι,
1310 1095 1386 1171 23.).

212 1189 323 1247 Tribuit
346 1189 419 1246 enim
442 1188 499 1245 illis
525 1181 570 1244 ‘ex
593 1186 723 1244 aetherea
747 1186 910 1244 substantia
929 1188 1042 1258 partam
1065 1189 1150 1258 atque
1174 1186 1293 1244 divisam
1316 1204 1387 1259 qua·

212 1277 339 1347 litatem,
364 1277 476 1350 qualem
500 1277 583 1334 etiarn
607 1275 773 1348 opinemidis
797 1277 895 1333 auctor
917 1275 1007 1347 primo
1032 1276 1197 1333 daemonum
1221 1276 1317 1349 generi
1340 1294 1388 1332 as-

212 1367 337 1441 signavit
360 1385 388 1439 p.
414 1361 522 1426 984l0.
570 1366 629 1423 lam
654 1365 841 1433 intellexeris,
866 1364 895 1421 in
919 1367 1054 1436 quantam
1078 1365 1269 1422 doctrinarum
1291 1364 1389 1422 meon-

213 1457 349 1516 stautiam
388 1457 499 1528 dilapsa
536 1456 575 1513 sit
611 1455 750 1528 posterior
781 1454 910 1512 Porticus
948 1454 1155 1512 diversissimas
1192 1455 1316 1512 rationes
1353 1455 1390 1511 ad

213 1546 414 1604 divinationem
443 1544 683 1618 comprobandam
716 1543 863 1616 arripiens.
911 1543 984 1612 onia
1015 1543 1130 1612 mimm,
1164 1543 1189 1601 si
1218 1544 1389 1601 Plutarchus

213 1636 330 1694 candem
358 1635 433 1692 viam
461 1636 607 1708 ingressus
644 1634 681 1690 ad
713 1633 894 1691 Posidonium
924 1635 1061 1705 tanquam
1092 1635 1243 1704 patronum
1275 1650 1305 1691 se
1337 1650 1389 1705 ap-

215 1726 350 1798 plicavit?

696 1917 909 1924 ———

684 2108 824 2227 Caput
856 2107 927 2203 lll.

468 2311 514 2367 De
538 2311 690 2368 oraculis
714 2329 731 2368 a
755 2312 814 2368 deo
838 2311 913 2383 ipso
937 2310 1136 2383 inspiratis.

303 2489 372 2546 Mire
392 2489 522 2546 dissonat
542 2507 558 2544 a
578 2489 643 2545 libri
667 2489 714 2561 qni
737 2491 781 2546 est
804 2489 837 2545 de
862 2488 971 2545 defectu
991 2489 1166 2546 oraculomm
1190 2489 1392 2546 sententiarum

215 2581 243 2636 et
262 2578 405 2636 doctrinae
428 2577 565 2635 varietate
584 2578 802 2650 argumentandi
826 2577 995 2650 simplicitas
1020 2578 1078 2635 eius
1101 2578 1189 2635 libelli
1210 2579 1257 2650 qui
1281 2579 1314 2635 de
1337 2579 1393 2652 Py-

215 2669 291 2726 thiae
324 2666 447 2724 oraeulis
485 2667 662 2739 conscriptus
700 2668 752 2724 est.
798 2666 896 2739 Neque
931 2684 981 2738 per
1014 2668 1079 2724 deos
1112 2670 1216 2724 natura
1248 2667 1393 2725 inferiores

214 2757 375 2815 hominibus
408 2756 530 2815 mittitur
563 2756 698 2813 divinatio
732 2773 820 2828 neque
849 2756 1008 2829 augurandi
1040 2756 1082 2813 vis
1111 2756 1221 2813 animae
1254 2756 1393 2813 humanae

216 2847 315 2904 innata
340 2848 391 2914 est,
417 2846 467 2902 sed
480 2845 583 2917 Apollo
607 2845 678 2918 ipse,
703 2845 751 2918 qui
766 2845 888 2917 supremi
912 2845 1035 2902 numinis
1058 2845 1150 2902 instar
1173 2847 1267 2905 ὁθεὸς
1294 2846 1394 2917 appel-

216 2936 293 2994 latur
318 2936 353 3007 (c.
380 2934 413 3005 7,
439 2932 497 3002 20,
523 2932 586 3006 21),
611 2935 644 2991 de
669 2934 746 2991 caelo
775 2935 946 2991 descendens
974 2952 1024 3007 per
1046 2934 1176 3007 Pythiam
1205 2933 1317 2992 futuras
1349 2952 1394 2992 res

216 3024 371 3098 praesagit.
409 3025 493 3081 Hane
515 3026 656 3081 vetustam
681 3041 742 3081 esse
767 3024 935 3081 Graecorum
959 3023 1117 3097 opinionem
1141 3025 1168 3080 et
1192 3023 1329 3081 communi
1350 3041 1393 3080 re-

216 3114 320 3187 ligione
349 3112 488 3170 sancitam
516 3113 579 3185 quis
609 3112 718 3170 nescit?
762 3111 822 3169 Nec
845 3113 979 3169 miramur
1006 3112 1080 3170 hanc
1104 3111 1261 3184 opinionem
1285 3130 1302 3168 a
1325 3113 1394 3169 Pln-

215 3203 323 3271 tarcho,
344 3202 392 3275 qui
411 3202 471 3273 ipse
490 3201 626 3275 Delphico
645 3202 758 3259 oraculo
777 3201 958 3274 praepositus
977 3196 1102 3273 fuerit¹)‚
1123 3201 1255 3258 acerrime
1274 3201 1393 3259 defendi.

216 3292 260 3349 Ad
280 3292 333 3348 hoo
353 3290 556 3348 Chaeronensis
575 3290 763 3349 sacerdotium
783 3292 878 3363 aperte
898 3293 1028 3363 spectant
1047 3290 1133 3347 verba
1148 3307 1172 3348 c.
1193 3288 1235 3350 29
1249 3307 1278 3362 p.
1299 3289 1394 3351 4090:

216 3384 299 3435 καίτοι
326 3382 396 3449 φιλῶ
420 3380 469 3448 μὲν
493 3382 604 3450 ε’μαοτὸν
623 3381 667 3449 ἐφ’
689 3383 728 3440 οίς
751 3381 875 3449 ἐγενόμην
898 3382 934 3440 είς
953 3381 982 3435 τὰ
1000 3381 1137 3448 πράγματα
1160 3388 1238 3433 ταῦτα
1256 3382 1395 3448 πρόθυμος

216 3470 261 3522 καί
293 3470 421 3538 χρήσιμος
456 3470 521 3538 μετὰ
552 3470 742 3538 Πολυκράτους
778 3471 824 3523 καί
855 3471 986 3537 Πετραίου
1018 3462 1115 3540 κτλί),
1140 3468 1165 3525 si
1197 3468 1309 3540 quidem
1341 3467 1395 3525 sub

217 3591 432 3599 ——..——

306 3641 326 3710 1)
345 3641 499 3694 Volkmann
517 3641 531 3692 I
549 3657 575 3708 p.
595 3641 641 3693 54:
666 3656 701 3692 an
725 3655 781 3694 sen.
801 3656 857 3708 ger.
881 3641 907 3692 4.
929 3641 969 3692 17.
990 3644 1094 3706 quaest.
1120 3638 1217 3693 eonviv
1243 3639 1303 3706 VH,
1324 3640 1348 3705 2,
1368 3640 1392 3692 2.

215 3713 248 3779 V,
268 3713 292 3780 2,
312 3712 337 3765 4.
375 3712 491 3765 Accedit
513 3712 589 3765 locus
612 3710 788 3779 gravissimus
813 3728 849 3764 an
871 3726 926 3764 sen.
947 3712 981 3765 20
999 3728 1024 3779 p.
1046 3711 1115 3764 7941)
1135 3726 1214 3776 quem
1233 3711 1341 3777 Sauppe
1360 3709 1394 3763 de

217 3782 345 3851 amphict.
364 3782 460 3850 Delph.
477 3782 602 3851 Gotting.
625 3783 692 3836 1873
711 3799 737 3849 p.
763 3783 795 3834 12
814 3781 855 3835 ita
877 3781 1013 3835 restituit:
1034 3780 1061 3832 τὸ
1079 3783 1221 3849 πρόσχημα
1240 3789 1284 3848 τῆς
1301 3780 1395 3848 Ἄμφι-

216 3855 336 3912 κτυονίας
359 3855 392 3921 ἥν
414 3874 458 3920 μοι
478 3853 552 3923 (libri
571 3854 621 3923 σοι)
641 3852 684 3906 διὰ
703 3860 747 3905 τοῦ
766 3854 826 3921 βίου
844 3852 938 3910 παντὸς
957 3853 974 3920 ἡ
992 3853 1083 3919 πατρίς
1102 3852 1275 3904 ἀνατέθεικεν.

305 3925 326 3994 2)
345 3926 479 3979 Petraens
494 3924 571 3978 euius
590 3924 629 3977 ibi
643 3924 744 3978 mentio
758 3923 877 3991 inicitur,
897 3925 971 3977 haud
990 3925 1072 3978 dubie
1090 3923 1113 3978 is
1132 3929 1181 3991 est,
1203 3922 1249 3989 qui
1267 3922 1395 3990 praemiis

216 3997 342 4050 ludorum
360 3995 520 4064 Pythiorum
540 3995 735 4050 distribuendis
758 3995 914 4063 praefectus
933 3996 1112 4050 Plutarchum
1131 3995 1251 4048 sodalem
1270 3993 1394 4048 convivio

216 4066 324 4134 excepit
346 4066 375 4121 in
395 4072 500 4134 quaest.
521 4083 597 4121 conv.
622 4068 654 4135 V,
674 4068 698 4120 2.
720 4098 752 4105 -
773 4067 847 4120 Muhl
862 4066 944 4136 (stud.
960 4067 1032 4120 Plnt.
1047 4083 1073 4134 p.
1088 4066 1134 4135 46)
1149 4067 1286 4120 Thoonem
1300 4063 1347 4131 qui
1362 4066 1395 4118 de

216 4139 296 4205 Pyth.
317 4154 353 4192 or.
373 4138 495 4205 loquitur
508 4138 600 4192 vivum
615 4155 646 4191 ac
661 4143 758 4192 natum
771 4137 912 4206 hominem,
933 4138 980 4204 qui
999 4138 1033 4191 ad
1052 4137 1197 4191 veritatem
1217 4137 1395 4190 aPlutareho

216 4224 358 4276 expressus
373 4215 453 4277 esset,
474 4209 601 4277 opinatus
617 4225 678 4263 eum
692 4209 776 4263 fuisse
791 4210 949 4263 archontem
962 4208 1125 4276 Delphicum
1143 4225 1177 4262 ex
1195 4208 1284 4261 verbis
1303 4208 1395 4261 allatis

217 4280 331 4348 collegit
345 4285 373 4333 ot
387 4281 530 4347 sequentia
544 4280 627 4333 verba
640 4297 666 4348 p.
681 4281 752 4334 4090
767 4280 836 4347 φιλῶ
851 4278 880 4332 δὲ
898 4278 942 4331 τόν
960 4280 1131 4346 καθηγεμόνα
1149 4279 1242 4346 ταύτης
1261 4287 1306 4347 τῆς
1323 4279 1396 4330 πολι-

217 4351 283 4407 τείας
308 4352 443 4418 γενόμενον
464 4351 525 4418 ἡμῖν
547 4351 593 4402 καί
616 4349 646 4403 τὰ
668 4351 773 4402 πλεῖστα
800 4351 899 4402 τούτων
926 4350 1129 4417 ἐκφροντίζοντα
1156 4350 1202 4402 καί
1228 4349 1396 4416 παρασκευά-

218 4423 294 4481 ζοντα
331 4438 391 4474 eum
423 4420 637 4489 Wyttenbachio
665 4422 701 4474 ad
728 4422 906 4475 Plutarchum
933 4420 1081 4474 revocavit.
1118 4421 1171 4475 Sed
1198 4436 1326 4488 perversa
1354 4424 1396 4473 est

217 4491 288 4545 ratio
316 4492 424 4561 munii,
453 4509 508 4560 qna
536 4508 627 4546 omnes
650 4492 791 4547 Plutarchi
815 4491 985 4561 dialogorum
1008 4508 1139 4560 personas
1167 4492 1261 4546 eedem
1288 4489 1396 4544 nemine
