3210 5010
691 289 912 349 -10-

213 469 240 521 τὸ
260 477 311 521 τῶν
326 470 468 536 τριγώνων,
488 471 554 536 θείῳ
568 468 616 535 μὲν
629 469 772 527 ἀπεικάσας
798 466 800 513 ἱ
826 469 933 534 δυνάμει
944 468 990 536 τὴν
1004 470 1084 536 φύσιν
1093 469 1287 536 ῦπερφὲροντας
1302 470 1386 536 ἡμῶν,

213 558 240 610 τὸ
255 559 416 624 ἰσόπλευρον,
436 560 525 625 θνητῷ
540 558 569 610 δὲ
587 558 615 609 τό
634 558 772 624 σκαληνὸν,
827 557 855 608 τὸ
874 557 903 608 δὲ
921 559 993 609 θεῖον
1016 558 1065 610 οὐκ
1085 557 1174 625 ἀμιγὲς
1193 558 1252 610 οὐδ’
1273 559 1387 624 ἄκρατον

212 646 240 699 τὸ
259 648 284 699 δ’
307 647 437 705 ἰσοσκελὲς
452 649 590 713 δαιμονίαν
612 638 645 698 τό
657 645 705 713 μὲν
723 646 772 714 γάρ

212 738 267 788 ἴσον
289 736 384 802 πάντη·
410 735 437 787 τὸ
461 735 486 788 δ’
512 736 600 787 ἀνισον
625 735 719 802 πάντη·
745 734 772 786 τὸ

212 823 241 876 δὲ
258 833 295 891 πῆ
313 823 361 891 μὲν
380 826 443 886 ἴσον,
461 832 498 891 πῆ
518 824 543 875 δ’
564 825 664 886 ἀνισον,
684 824 772 889 ὥσπερ

212 912 228 979 ἡ
249 913 381 978 δαιμόνων
405 913 483 979 φάσις
507 914 602 981 ἔχουσα
624 913 669 964 καί
687 913 773 970 πάθος

212 1002 310 1069 θνητοῦ
329 1002 374 1054 καί
393 1003 458 1053 θεοῦ
477 1002 586 1068 δύναμιν
606 1041 611 1052 .
633 1041 637 1052 .
659 1041 664 1051 .
685 1041 690 1052 .
713 1001 772 1054 Εἰσὶ

212 1090 269 1158 γάρ,
288 1092 325 1148 ὡς
353 1091 380 1142 ἐν
407 1090 569 1156 ἀνθρώποις,
588 1090 633 1142 καί
653 1091 772 1156 δαίμοσιν

210 1179 303 1246 ἀρετῆς
327 1179 452 1247 διαφοραὶ
475 1178 521 1230 καὶ
550 1187 594 1231 τοῦ
621 1180 771 1246 παθητικοῦ

210 1268 255 1319 καί
283 1268 395 1335 ἀλόγου,
428 1276 479 1325 τοῖς
506 1266 554 1334 μὲν
585 1266 694 1324 ἀσθενὲς
727 1267 772 1320 καί

210 1355 330 1423 ἀμαυρὸν
344 1357 379 1408 ἔτι
397 1358 529 1424 λείψανον,
545 1357 632 1422 ὥσπερ
648 1358 772 1422 περίττω·

210 1465 261 1511 μα,
280 1454 331 1503 τοῖς
351 1445 379 1497 δὲ
397 1445 463 1497 πολὺ
482 1445 527 1497 καί
546 1445 771 1513 δυσκατάσβεστον

210 1533 317 1597 ἔνεστιν,
341 1533 379 1586 ὧν
398 1537 456 1602 ἴχνη
476 1534 520 1586 καί
540 1535 658 1602 σύμβολα
676 1535 771 1587 πολλα-

210 1630 259 1689 χοῦ
274 1623 363 1674 θυσίαι
378 1623 423 1674 καὶ
442 1623 537 1675 τελεταὶ
554 1623 599 1675 καί
616 1625 771 1690 μυθολογίαι

210 1711 326 1772 σώζουσι
343 1713 388 1764 καὶ
398 1712 613 1779 διαφυλάττουσιν
622 1713 771 1779 ἐνδιεσπαρ-

210 1800 282 1866 μένα.
321 1797 372 1858 21.
399 1803 492 1858 Οὕτως
511 1794 584 1878 (scil.
609 1801 646 1858 ὡς
666 1801 695 1853 τά
713 1801 772 1867 περὶ

213 1889 335 1941 Πύθωνα
361 1890 405 1941 καί
425 1892 560 1956 Διόνυσον)
584 1891 652 1957 ε”χειν
674 1891 719 1942 καὶ
743 1889 773 1942 τά

220 1978 364 2044 Τυφωνικὰ
378 1980 423 2031 καὶ
442 1979 472 2032 τά
490 1979 620 2031 Τιτανικά·
641 1980 773 2046 δαιμόνων

212 2067 298 2134 μάχας
322 2068 449 2135 γεγονέναι
471 2067 537 2133 πρὸς
561 2069 697 2134 δαίμονας,
720 2068 773 2120 εἶτα

214 2154 299 2223 φυγὰς
313 2163 366 2208 τῶν
384 2156 569 2224 κρατηθέντων
588 2157 603 2224 ἢ
624 2158 773 2216 δικαιώσεις

827 646 944 712 ἔχοντας,
972 645 1035 698 ἀλλά
1063 646 1109 699 καὶ
1128 655 1218 715 ψυχῆς
1242 648 1319 714 φύσει
1343 647 1387 698 καὶ

827 734 947 800 σώματος
967 735 1086 801 αἰσθήσει
1107 735 1269 803 συνειληχός,
1292 732 1388 802 ἡδονὴν

828 823 954 891 δεχομένῃ
974 823 1018 875 καὶ
1036 825 1128 887 πόνον,
1148 824 1193 876 καί
1219 825 1267 874 ὅσα
1286 824 1388 881 ταύταις
1405 881 1416 887 ,

827 911 980 978 ἐγγενόμενα
995 921 1048 969 ταῖς
1062 913 1216 981 μεταβολαῖς
1230 912 1313 980 πάθη,
1330 911 1389 970 τοὺς

825 999 873 1066 μὲν
904 1001 1014 1066 μᾶλλον,
1047 1000 1106 1058 τοὺς
1139 1002 1164 1052 δ’
1199 1001 1275 1068 ἧττον
1302 1001 1388 1053 ε’πιτα-

826 1088 918 1154 ράττει.
956 1091 1073 1141 Γίνονται
1092 1090 1150 1158 γάρ,
1170 1091 1207 1147 ὡς
1230 1090 1257 1142 ἑν
1280 1090 1387 1156 ἀνθρώ-

825 1198 892 1240 ποις,
906 1177 951 1229 καί
961 1179 1080 1244 δαίμοσιν
1094 1179 1187 1246 ἀρετῆς
1202 1178 1327 1245 διαφοραὶ
1341 1179 1386 1230 καὶ

827 1267 929 1323 κακίας.
967 1265 1002 1319 Τὰ
1021 1266 1070 1334 γὰρ
1089 1266 1227 1334 Γιγαντικὰ
1246 1265 1291 1318 καί
1314 1268 1386 1319 Τιτα-

826 1353 886 1406 νικὰ
899 1356 963 1421 παρ’
980 1356 1101 1423 Ἕλλησιν
1116 1355 1238 1422 ᾀδόμενα,
1257 1354 1302 1407 καὶ
1316 1356 1387 1421 Κρό-
1403 1362 1414 1374 “

826 1463 872 1494 νου
887 1443 951 1501 τινὲς
965 1444 1076 1511 άθεσμοι
1090 1443 1205 1510 πράξεις,
1224 1444 1269 1496 καὶ
1283 1445 1386 1498 Πίθω-

826 1552 869 1589 νος
888 1533 1027 1595 ἀντιτάξεις
1045 1533 1110 1600 πρὸς
1127 1534 1286 1597 Ἀπόλλωνα,
1305 1536 1389 1602 φυγαί

826 1641 852 1670 τε
867 1622 994 1674 Διονύσου
1009 1624 1054 1674 καί
1072 1623 1164 1674 πλάναι
1184 1625 1203 1676 Δ
1209 1623 1322 1691 ήμητρος
1341 1623 1385 1675 οὐ·

826 1708 870 1760 δὲν
893 1710 1059 1763 ἀπολείπουσι
1083 1719 1135 1764 τῶν
1155 1712 1320 1778 Ὀσιριακῶν
1342 1711 1387 1763 καὶ

831 1800 1005 1866 Τυφωνικῶν,
1020 1801 1107 1852 ἄλλων
1126 1822 1152 1852 τε
1170 1800 1209 1853 ὧν
1226 1808 1288 1853 πᾶσι
1307 1802 1387 1863 ἔξεστι

825 1889 1062 1956 μυθολογουμένων
1085 1890 1202 1942 ἀκούειν·
1227 1892 1275 1942 ὅσα
1294 1911 1320 1941 τε
1337 1910 1387 1957 μυ-

827 1986 923 2034 στικοῖς
956 1980 1034 2044 ἱεροῖς
1065 1980 1306 2046 περικαλυπτόμενα
1343 1979 1387 2031 καί

827 2067 943 2130 τελεταῖς,
954 2068 1055 2135 ἄρρητα
1069 2068 1223 2129 διασώζεται
1233 2068 1278 2119 καὶ
1290 2067 1388 2120 ἀθέατα

826 2157 892 2224 πρὸς
911 2156 969 2215 τοὺς
986 2157 1106 2221 πολλοὺς,
1125 2159 1215 2223 ὅμοιον
1234 2158 1286 2225 ἔχει
1304 2157 1387 2224 λόγον.

212 2245 262 2296 ὑπὸ
282 2246 346 2297 θεοῦ
366 2253 418 2298 τῶν
434 2247 640 2313 ἐξαμαρτόντων,
659 2248 701 2298 σία
724 2248 772 2299 Tv-

213 2332 274 2400 φὼν
298 2334 394 2401 λέγεται
419 2335 477 2401 περὶ
496 2336 600 2402 Ὄσιριν
621 2335 773 2402 ἐξαμαρτεῖν

212 2423 257 2496 καὶ
268 2425 369 2490 Κρόνος
383 2425 442 2490 περὶ
461 2425 589 2490 Οάρανον,
604 2423 642 2476 ὧν
656 2424 772 2491 ἀμαυρό-

210 2532 280 2578 τεραι
299 2514 429 2579 γεγόνασιν
447 2515 477 2565 αἱ
493 2515 564 2579 τιμαί
580 2514 634 2565 κτλ.

299 2617 360 2673 lam
390 2617 482 2686 vides,
508 2619 646 2689 quomodo
670 2618 840 2675 Plutarchus
864 2635 946 2675 suam
970 2635 1027 2675 rem
1051 2616 1181 2690 gesserit.
1228 2617 1387 2673 Transtulit

211 2723 243 2761 en
267 2705 408 2762 schedulis
432 2706 491 2763 suis
515 2706 638 2764 frustula
662 2708 801 2780 quaedam
819 2708 996 2764 Xenocratea
1019 2706 1048 2763 in
1071 2705 1199 2778 proprios
1222 2705 1311 2762 libros
1334 2705 1385 2773 ita,

210 2795 242 2851 ut
271 2811 338 2850 suae
363 2795 603 2868 argumentationi
625 2797 830 2853 Xenocrateam
859 2796 1005 2853 scientiam
1034 2795 1193 2867 adaptaret.
1240 2793 1386 2851 Immixtae

212 2885 279 2940 sunt
303 2901 369 2957 ergo
394 2884 478 2941 etiam
501 2901 546 2941 res
570 2903 587 2941 a
612 2885 798 2943 Chalcedonio
823 2885 940 2943 alienae.
979 2886 1064 2943 Velut
1088 2883 1228 2956 quispiam
1251 2883 1280 2939 in
1304 2882 1386 2939 dubi-

210 2972 345 3029 tationem
369 2974 485 3042 vocarit,
510 2992 576 3031 num
600 2975 648 3031 isti
664 2974 823 3048 Typhones,
844 2975 970 3044 Titanes,
991 2974 1139 3048 Gigantes,
1164 2973 1266 3045 quibus
1290 2971 1386 3044 pravis

211 3062 397 3119 daemonibus
426 3063 521 3135 iniqua
551 3064 669 3121 nocendi
697 3064 740 3122 vis
767 3064 914 3133 tribuitur,
945 3064 981 3120 ad
1004 3065 1098 3135 ipsum
1121 3062 1319 3119 Academicum
1343 3079 1386 3117 re-

211 3151 306 3208 deant.
355 3151 408 3208 Sed
432 3155 638 3225 peropportune
662 3153 779 3223 accidit,
803 3155 835 3210 ut
857 3153 1028 3210 testimoniis
1057 3151 1170 3209 aliunde
1197 3151 1294 3224 petitis
1317 3150 1387 3206 haec

212 3241 338 3312 exempla
362 3243 417 3298 iarn
442 3242 573 3300 attulisse
596 3243 781 3300 Xenocratem
810 3244 963 3300 statuatur.
1010 3242 1166 3298 Educemur
1194 3241 1266 3298 eninr
1290 3240 1386 3312 Olym-

210 3329 318 3401 piodori
338 3331 537 3388 commentario
558 3332 593 3388 ad
613 3331 718 3389 Phaed.
744 3331 849 3403 scripto
864 3348 1011 3400 carcerem,
1033 3347 1086 3403 quo
1102 3330 1227 3388 homines
1252 3327 1387 3388 contineri

212 3418 295 3475 Plato
319 3418 388 3476 ibid.
412 3437 441 3491 p.
464 3415 524 3480 62¹>
548 3421 637 3490 docet,
663 3421 699 3477 ah
724 3420 847 3478 eiusdem
871 3421 1009 3492 discipulo
1033 3421 1154 3489 φρουρὰν
1176 3421 1312 3487 Τιτανικήι
1335 3435 1387 3489 ap-

210 3508 347 3580 pellatam
379 3526 449 3566 esse.
497 3509 558 3578 Quo
592 3512 686 3567 autem
719 3512 847 3583 spectent
879 3511 1000 3567 obscura
1028 3508 1227 3582 Neoplatonici
1256 3507 1343 3565 verba
1371 3510 1386 3576 ἡ

210 3599 316 3665 φρουρά
336 3639 341 3649 .
358 3640 363 3651 .
380 3640 407 3651 ..
428 3600 465 3658 ὡς
486 3600 662 3669 Ξενοκράτης,
685 3601 804 3669 Τιτανική
824 3601 875 3653 ε’στι
900 3601 944 3653 καὶ
963 3602 1000 3658 εἰς
1019 3601 1145 3655 Διόνυσον
1163 3600 1387 3666 ἀποκορνφοῦται,

210 3703 282 3758 quae
314 3686 358 3743 vel
383 3685 488 3744 Zellero
514 3689 554 3760 (ll
574 3680 649 3761 l⁸p.
676 3682 771 3764 8822)
796 3689 954 3760 explicandi
977 3688 1172 3745 difficultatem
1196 3686 1386 3759 praehuerint,

210 3774 341 3832 facillime
365 3776 512 3849 intelleges
536 3777 611 3835 Plut.
636 3779 697 3835 loco
717 3778 750 3834 de
775 3796 824 3835 esu
848 3795 924 3836 cern.
946 3779 968 3847 l,
991 3775 1007 3837 7
1034 3770 1241 3849 comparat01).
1279 3775 1387 3832 lhidem

210 3864 380 3922 Plutarchus
409 3866 468 3923 sine
497 3867 582 3924 duhio
610 3868 762 3939 praecepta
790 3868 929 3940 quaedam
952 3867 1118 3925 Xenocratis
1147 3867 1281 3924 insnum
1305 3882 1387 3922 usum

211 3948 389 4026 convertit2),
414 3955 517 4028 quippe
537 3956 585 4028 qui
605 3957 716 4014 exordio
741 3957 853 4029 capitis,
874 3959 906 4014 ut
929 3957 1001 4014 solet
1024 3957 1054 4014 in
1077 3956 1210 4029 primario
1234 3955 1311 4012 fonte
1335 3954 1386 4011 ad·

301 4127 320 4194 ¹)
340 4127 398 4192 Quo
426 4127 484 4180 iure
504 4127 598 4180 Ritter
625 4129 687 4182 hist.
717 4129 781 4195 phil.
807 4129 910 4195 antiqu.
934 4130 973 4182 IV
992 4146 1016 4196 p.
1038 4129 1108 4182 5102
1127 4127 1303 4194 dubitaverit,
1323 4145 1387 4181 num

209 4195 274 4249 illae
293 4199 363 4250 duae
382 4198 415 4250 de
435 4215 482 4251 esu
502 4198 624 4253 carnium
648 4199 836 4253 oratiunculae
860 4201 996 4269 genuinae
1015 4200 1078 4267 sint,
1099 4218 1140 4254 me
1159 4200 1287 4269 ignorare
1308 4199 1387 4266 profi-

210 4272 281 4348 teor5
310 4284 368 4350 meo
387 4268 488 4322 iudicio
507 4270 629 4335 quemvis
649 4271 829 4325 obtruncatae
857 4276 947 4327 tamen
972 4288 1132 4340 germanum
1151 4271 1293 4325 Plutarchi
1311 4271 1387 4339 inge-

210 4354 285 4390 mum
300 4344 572 4486 {offic-Volkmann
590 4420 619 4472 Π
637 4437 663 4486 p.
684 4421 717 4473 15
737 4420 933 4474 animadvertit
951 4423 1128 4475 Plutarchum
1146 4422 1269 4489 potuisse
1288 4423 1317 4475 in
1335 4423 1387 4475 hac

211 4490 244 4542 de
263 4505 311 4543 esu
334 4489 456 4542 carnium
480 4489 640 4555 quaestione
660 4491 835 4545 Chalcedonii
857 4491 977 4561 vestigia
996 4509 1124 4561 premere,
1144 4494 1244 4562 qnippe
1263 4493 1310 4560 qui
1327 4492 1387 4559 περὶ
