3210 5010
691 315 913 376 „15-

210 497 358 554 tabulatus
379 498 440 553 erat
464 495 511 569 (cf.
536 495 629 553 Laert.
645 495 726 567 Diog.
743 496 795 564 lll,
823 492 850 565 1,
877 493 919 565 2),
945 495 985 553 sic
999 496 1171 552 Xenocrates
1194 496 1388 569 Pythagoram

211 604 321 659 quoque
344 585 476 657 Apolline
499 587 598 642 natum
622 602 683 640 esse
708 584 908 654 affirmaverat,
935 584 1070 656 siquidem
1095 585 1250 641 Iamblicho
1281 585 1314 641 de
1338 585 1386 642 vit.

211 676 294 749 Pyth.
320 676 356 743 H,
375 673 402 744 7,
428 674 507 731 cuius
530 674 694 731 testimonio
718 674 815 730 Rohde
840 675 923 746 (mue.
940 673 1028 731 Rhon.
1054 672 1094 733 27
1119 691 1147 746 p.
1169 671 1210 732 23
1227 676 1282 746 sq.)
1308 675 1390 731 fidem

211 764 367 838 derogavit,
392 764 502 820 credere
527 763 578 820 vis.
625 762 695 819 Mihi
719 763 830 835 quidem
853 762 921 819 talis
945 762 1071 819 narratio
1096 780 1113 819 a
1137 762 1319 820 Chalcedonii
1342 781 1389 820 ra-

211 855 300 924 tione,
331 853 434 925 quippe
463 852 510 925 qui
538 851 654 908 nimium
677 852 804 925 mysticis
829 852 912 909 robus
942 852 1094 921 studuerit,
1124 869 1180 910 non
1204 853 1314 909 videtur
1338 852 1390 909 ab·

211 943 329 1002 horrere.
376 942 473 998 Eidem
499 941 577 999 illam
601 942 634 998 de
659 941 791 999 Saturnio
815 943 842 997 et
873 940 1058 998 daemonibus
1082 940 1217 998 tabellam
1241 942 1390 1014 assignare

211 1048 267 1089 non
291 1032 398 1089 dubito.

300 1122 379 1177 Haeo
403 1120 496 1178 omnia
520 1119 545 1177 si
568 1119 804 1191 reputaverimus,
835 1136 903 1175 sane
927 1137 1037 1176 summa
1061 1136 1124 1176 cum
1147 1119 1204 1176 veri
1228 1119 1389 1177 similitudi-

211 1211 257 1268 nis
281 1211 372 1283 specie
397 1209 596 1267 contendemus
616 1208 695 1264 illam
719 1209 838 1265 alteram
862 1210 988 1277 mortem,
1014 1226 1070 1280 qua
1094 1209 1243 1265 daemones
1269 1209 1391 1266 oraculis

213 1301 315 1373 quibus
339 1301 476 1371 praesunt
500 1297 665 1370 eripiuntur,
689 1314 746 1354 non
771 1298 941 1367 discordare,
966 1298 1014 1355 sed
1038 1298 1142 1369 optime
1165 1298 1309 1354 concinere
1330 1315 1392 1355 cum

213 1389 326 1462 placitis
350 1387 525 1447 Xenocratis,
572 1386 702 1455 Accedit,
728 1386 801 1458 quod
826 1387 880 1443 duo
913 1386 1073 1459 philosophi
1101 1386 1267 1444 Xenocratis
1298 1389 1392 1444 aetate

212 1479 383 1551 superioreS,
418 1494 534 1549 quorum
568 1477 703 1549 dogmata
735 1475 780 1531 hic
812 1475 933 1533 fortasse
966 1476 994 1532 in
1024 1494 1104 1534 suum
1133 1493 1216 1534 usum
1244 1477 1390 1545 convertit,

212 1568 303 1625 simile
328 1566 469 1640 quoddam
492 1566 526 1622 de
550 1565 735 1622 daemonibus
764 1567 934 1623 statuerunt.
981 1564 1056 1622 Nam
1080 1566 1113 1622 de
1138 1565 1310 1638 imaginihus
1334 1566 1390 1622 De-

212 1657 335 1725 mocriti,
360 1673 432 1728 quas
461 1672 522 1711 cum
548 1653 732 1711 daemonibus
757 1653 903 1712 confundit
930 1655 1100 1712 Plutarchus
1130 1655 1175 1726 (de
1204 1653 1259 1711 def.
1284 1672 1323 1711 or.
1350 1653 1389 1714 17

212 1764 240 1818 p.
266 1744 370 1817 419³),
406 1745 506 1801 Sextus
533 1743 692 1815 Empiricos
725 1743 788 1800 adv.
827 1743 915 1800 math.
949 1743 1001 1813 lX,
1037 1742 1078 1803 ie
1111 1744 1257 1815 perspicue
1288 1742 1390 1800 tradit:

211 1836 275 1889 εἶναι
295 1836 324 1889 δὲ
342 1843 420 1888 ταῦτα
438 1835 536 1902 μεγάλα
555 1856 581 1886 τε
600 1835 644 1886 καὶ
663 1835 800 1901 ὑπερφυῆ,
819 1834 864 1886 καὶ
883 1835 1040 1901 δύσφθαρτα
1058 1835 1119 1900 μέν,
1142 1835 1191 1886 οὐκ
1211 1834 1336 1901 ἄφθαρτα
1355 1833 1391 1896 δὲ,

211 1927 397 1993 προσημαίνειν
417 1946 443 1976 τε
462 1925 492 1977 τὰ
509 1925 633 1991 μέλλοντα
653 1933 704 1981 τοῖς
723 1924 888 1989 ἀνθρώποις,
907 1924 1080 1990 θεωρούμενα
1099 1924 1144 1976 καὶ
1163 1922 1255 1991 φωνὰς
1274 1923 1390 1990 ἀφιέντα.

212 2013 289 2070 ldem
322 2012 378 2069 fere
411 2013 438 2068 in
472 2002 668 2083 Empedoclem
703 2011 793 2079 cadit,
827 2011 906 2068 ciuus
939 2010 1098 2083 philosophi
1129 2010 1389 2084 pythagorissantis

212 2102 340 2159 doctrina
354 2102 538 2157 Xenocratem
557 2118 641 2157 usum
655 2117 716 2157 esse
736 2118 769 2155 ox
783 2099 852 2157 locis
877 2117 963 2172 supra
986 2117 1014 2172 p.
1032 2099 1105 2172 8sq.
1131 2101 1203 2157 inter
1223 2116 1252 2156 se
1277 2099 1390 2155 collatis

212 2194 240 2249 et
264 2191 434 2262 comparatis
459 2189 601 2262 apparuit.
649 2188 702 2245 Hic
729 2188 879 2246 daemones
903 2205 960 2245 non
983 2189 1178 2261 sempiternos,
1204 2188 1253 2244 sed
1276 2191 1389 2256 μακραί-

173 2272 176 2275 ’
213 2303 282 2339 oeae
308 2279 463 2335 nominavit
493 2278 540 2351 (cf.
574 2278 650 2335 Plut.
681 2279 713 2334 de
745 2277 799 2335 def.
829 2295 868 2335 or.
903 2276 944 2336 20
973 2295 1000 2349 p.
1031 2273 1126 2337 420⁶.
1173 2277 1253 2334 Mull.
1287 2276 1389 2348 fragm.

212 2369 258 2440 ph.
283 2387 325 2440 gr.
351 2369 363 2424 l
387 2386 415 2440 p.
444 2367 457 2426 l
483 2385 510 2425 v.
536 2365 578 2438 5).

301 2457 355 2514 His
371 2457 544 2529 argumentis
556 2456 655 2528 opinor
665 2455 929 2524 demonstravimus,
947 2455 1021 2528 quod
1031 2455 1113 2511 nobis
1129 2456 1190 2511 erat
1204 2454 1389 2526 propositum.

213 2547 326 2603 Summa
341 2546 417 2602 illius
437 2545 621 2618 quaestionis
646 2544 751 2617 quade
775 2544 829 2602 def.
855 2561 895 2602 or.
920 2544 1056 2601 divinatio
1081 2544 1118 2600 ad
1137 2544 1286 2600 daemones
1310 2560 1390 2599 revo-

212 2637 302 2711 catur,
327 2635 430 2706 partim
454 2636 549 2706 aperto
573 2652 606 2690 ex
628 2633 795 2691 Xenocratis
824 2633 1039 2706 daemonologia
1067 2635 1182 2704 sumpta
1206 2635 1262 2701 est,
1287 2632 1391 2704 partim

212 2724 363 2781 artissimis
386 2723 506 2780 vinculis
530 2740 593 2780 cum
617 2741 650 2779 ea
674 2723 812 2780 cohaeret.

300 2815 415 2881 Restat,
440 2815 542 2881 uteo,
568 2829 640 2884 quae
664 2811 809 2868 Plutarchi
833 2811 996 2869 auctoritati
1025 2810 1192 2882 imputanda
1216 2828 1278 2866 esse
1302 2810 1390 2866 oredi-

212 2920 288 2970 mus,
321 2902 420 2975 paucis
448 2919 659 2974 persequamur.
705 2901 829 2957 Primum
853 2900 1046 2973 unusquisque
1076 2899 1228 2972 perspiciet
1251 2899 1288 2955 ad
1311 2898 1390 2956 illum

212 2991 300 3048 redire
325 2993 554 3064 argumentorum
577 2991 791 3062 dispositionem
815 2992 843 3046 et
867 2989 973 3061 dialogi
996 2988 1127 3046 indolem.
1171 2988 1277 3044 Deinde
1300 2990 1390 3045 totam

212 3081 402 3137 narrationem
421 3079 567 3137 Plutarchi
591 3079 681 3151 ipsius
706 3079 906 3135 additamentis
930 3078 1021 3135 omnis
1045 3077 1165 3151 generis
1191 3094 1262 3149 quae
1286 3077 1391 3133 laxiore

212 3186 284 3225 nexu
308 3168 477 3225 cohaereant
500 3186 561 3225 oum
587 3167 817 3240 daemonologiae
846 3167 1035 3240 argumentis,
1064 3166 1168 3238 ubique
1192 3167 1300 3222 scatere
1323 3165 1391 3222 mihi

213 3258 323 3329 quidem
352 3274 519 3328 persuasum
551 3259 603 3313 est.
651 3258 691 3313 De
720 3274 770 3313 suo
801 3257 923 3313 fortasse
947 3255 1058 3313 addidit
1081 3255 1213 3313 sacerdos
1237 3255 1390 3326 Delphicus

213 3363 328 3417 quaec.
349 3343 386 3403 15
411 3346 444 3400 de
468 3363 521 3402 usu
545 3345 665 3417 quodam
682 3344 816 3418 Delphico
841 3347 1002 3403 narrantur.
1041 3345 1127 3401 Porro
1151 3343 1304 3401 nonnullae
1328 3361 1390 3401 cum

214 3434 315 3490 Stoicis
335 3436 363 3491 et
382 3428 558 3506 Epicureis¹)
579 3434 771 3491 contentiones
791 3436 906 3506 propter
923 3437 1079 3505 temporum
1099 3433 1236 3490 rationem
1261 3450 1278 3488 a
1296 3433 1390 3489 Xeno-

214 3525 290 3578 crate
319 3521 524 3578 abiudioandae
552 3522 704 3594 genuinum
732 3523 849 3594 sapiunt
871 3522 1017 3580 Plutarchi
1044 3521 1188 3594 ingenium
1212 3537 1235 3581 o.
1261 3519 1311 3579 12.
1338 3520 1388 3581 19.

214 3608 265 3669 20.
312 3610 356 3666 Ad
382 3610 504 3668 Stoicam
528 3610 643 3668 Hesiodi
674 3611 933 3683 interpretationem
961 3611 1038 3668 haud
1067 3611 1150 3667 dubie
1179 3611 1310 3681 spectant
1333 3611 1389 3666 De·
1499 3609 1502 3616 '

213 3699 303 3757 metrii
332 3699 419 3756 verba
447 3717 470 3756 e.
500 3699 534 3758 ll
566 3700 706 3773 nymphas
733 3717 822 3772 usque
851 3701 887 3756 ad
915 3702 961 3770 τὴν
980 3702 1130 3768 ἐκπύρωσιν
1153 3697 1304 3770 perdurare
1328 3699 1389 3770 opi-

212 3789 318 3845 nantis
365 3788 445 3845 Unde
469 3806 533 3845 vero
556 3788 671 3845 fabulae
696 3789 729 3844 do
752 3789 908 3861 Aglaonioe
934 3805 957 3844 c.
990 3782 1069 3858 132),
1095 3788 1128 3843 de
1152 3787 1226 3844 Molo
1251 3804 1274 3844 c.
1298 3785 1338 3846 14
1362 3789 1390 3844 et

212 3878 284 3934 mira
308 3877 358 3934 illa
381 3878 508 3935 narratio
533 3878 566 3933 de
584 3877 700 3935 interitu
724 3877 820 3949 magni
843 3877 930 3933 Panis
953 3877 1123 3933 Plutarchea
1146 3876 1275 3932 ubertate
1299 3875 1390 3933 relata

212 3967 240 4023 in
274 3967 416 4040 dialogum
451 3966 641 4035 manaverint,
675 3983 781 4039 nequeo
810 3959 987 4039 indagarel).
1035 3965 1123 4021 Paulo
1152 3964 1255 4021 certius
1279 3965 1389 4036 prodire

212 4058 306 4127 potest
329 4056 462 4113 iudicium
486 4056 519 4111 de
543 4055 637 4135 divino
661 4056 716 4112 isto
740 4055 798 4112 viro
823 4072 847 4112 c.
868 4053 910 4113 211
932 4058 1046 4126 propter
1070 4071 1145 4110 mare
1169 4054 1283 4110 rubrum
1308 4053 1389 4110 habi-

302 4299 321 4364 ¹)
342 4299 381 4351 cf.
397 4299 518 4365 Bemays
533 4299 678 4365 ‘Theophr
695 4297 769 4351 Sohr.
784 4297 828 4351 tib.
844 4299 930 4351 From.
945 4297 981 4364 ’p.
999 4297 1057 4364 140,
1078 4296 1182 4349 Usener
1196 4296 1270 4363 Epic.
1286 4313 1311 4363 p.
1328 4295 1387 4350 369.

301 4370 322 4436 ¹³)
343 4370 381 4422 Cf.
403 4369 474 4423 Plut.
495 4369 603 4437 coniug.
623 4386 712 4436 praec.
732 4370 774 4422 48.

301 4441 321 4507 ³)
340 4440 431 4493 Simile
450 4447 597 4494 nautarum
616 4446 797 4494 commentum
815 4440 899 4493 refert
918 4439 1023 4492 Plinius
1043 4455 1149 4505 quoqne
1168 4440 1203 4491 ad
1222 4438 1324 4492 Tiberii
1344 4455 1388 4492 ae-

211 4517 298 4564 tat-em
316 4511 379 4564 hist.
399 4518 456 4565 nat.
476 4513 522 4580 IX,
543 4514 559 4565 5
579 4513 627 4580 (4),
648 4515 673 4565 9.
