3210 5010
665 313 865 375 „4-

177 512 277 568 genus.
315 495 369 551 Per
391 494 443 551 hos
467 494 579 551 diuinae
602 493 758 553 voluntatis
782 493 949 566 interpretes
973 497 1001 552 et
1023 494 1168 552 ministros
1191 494 1352 552 hominibus

178 584 263 641 adis
287 583 402 641 oracula
424 582 584 640 mittuntur.
631 584 692 640 Hoc
715 601 805 655 genus
835 601 866 640 ex
891 583 1051 641 hominibus
1080 584 1177 641 oritur.
1224 583 1298 641 Nam
1321 602 1354 640 eu

177 673 320 730 hominum
339 672 451 741 animis,
478 672 503 729 si
522 671 569 744 qui
588 672 675 729 vitam
696 672 815 744 probam
829 674 857 729 et
872 675 1002 730 sanctam
1016 675 1143 745 egerunt,
1159 674 1231 730 fiunt
1245 674 1353 742 1111111,

119 749 124 756 ’
178 780 211 835 e}
238 760 368 819 heroibus
396 761 560 831 daemones3
585 777 701 833 quorum
726 778 759 817 111
781 778 895 819 numero
919 762 1052 834 perpauci
1076 762 1180 820 virtuto
1204 764 1354 835 praestan-

176 851 263 909 tiores
287 851 324 907 ad
346 850 462 907 beatam
486 850 599 907 deorum
629 850 716 907 vitam
744 852 909 908 ascendunt.
957 851 995 909 Hi
1022 851 1098 924 genii
1126 852 1185 908 deis
1209 851 1355 909 inferiores

177 943 281 997 natura
305 941 438 997 mortales
462 940 573 1012 quidem
597 941 677 1008 sunt,
707 939 757 996 sed
785 940 872 998 multo
901 940 1007 997 diutius
1035 941 1134 998 vivunt
1157 959 1242 1013 quam
1265 941 1354 998 homi-

178 1045 238 1087 nos.
285 1030 387 1086 Insunt
419 1029 447 1085 in
481 1029 665 1086 daemonibus
699 1030 726 1085 et
759 1029 853 1086 diuina
886 1029 928 1086 vis
961 1032 989 1086 et
1016 1029 1156 1087 humanae
1184 1030 1354 1102 cupiditates

177 1118 341 1190 permixtae.
387 1118 497 1190 Duplex
521 1118 608 1190 igitur
632 1119 660 1174 et
683 1117 823 1175 diversum
847 1120 891 1175 est
919 1135 1013 1175 eorum
1036 1137 1135 1191 genoe,
1161 1119 1278 1176 alterum
1303 1118 1354 1176 bo-

177 1313 283 1365 vorum,
308 1296 356 1368 qui
381 1296 530 1352 daemones
554 1295 623 1352 facti
646 1296 799 1353 etiamtunc
825 1297 947 1353 humana
971 1297 1188 1368 intemperantia
1211 1297 1354 1353 laborant.

177 1386 286 1442 Horum
315 1385 437 1457 vestigia
465 1385 593 1442 obscuris
622 1384 792 1456 quibusdam
819 1385 961 1458 mysteriis
989 1386 1127 1457 impressa
1156 1387 1235 1454 sunt,
1267 1385 1355 1442 veluti

177 1474 254 1531 feriis
279 1477 306 1531 et
330 1474 491 1541 sacrificiis,
520 1473 550 1529 in
578 1473 681 1545 quibus
705 1473 791 1530 cruda
814 1475 963 1542 vorantur,
992 1475 1117 1531 homines
1147 1474 1352 1545 discerpuntur,

177 1563 281 1619 ieiunia
300 1563 498 1630 instituuntur,
523 1564 637 1634 pectora
656 1562 833 1634 planguntur
847 1563 1016 1634 saepiusque
1031 1563 1172 1620 obscaena
1192 1563 1278 1619 verba
1302 1580 1353 1618 11-

177 1652 301 1708 diuntur.
340 1651 421 1707 Talia
441 1650 580 1708 sacrificia
599 1667 654 1707 non
675 1650 719 1706 dei
737 1653 935 1722 poposcerunt,
961 1651 1010 1707 sed
1028 1651 1073 1708 his
1093 1652 1244 1723 placantur
1267 1651 1352 1723 genii,

178 1741 302 1810 Quorum
325 1742 356 1797 ut
379 1740 437 1796 iras
461 1739 580 1818 lenirent
608 1742 658 1796 aut
685 1739 803 1796 insanas
832 1740 977 1812 cupidines
1002 1740 1187 1809 exsorberem,
1217 1757 1298 1812 reges
1327 1741 1354 1796 et

177 1830 262 1886 duces
291 1846 372 1886 suani
400 1828 507 1900 prolem
534 1827 757 1885 immolaverunt.
805 1828 884 1897 Quod
914 1846 996 1900 porro
1020 1829 1049 1886 in
1073 1829 1179 1886 fabulis
1202 1831 1354 1886 narrantur

178 1919 222 1974 dei
240 1919 379 1990 rapuisse,
400 1935 448 1989 per
466 1919 571 1974 terram
586 1934 704 1986 errasse,
726 1917 881 1985 delituisse,
898 1918 1016 1990 fugisse,
1041 1918 1183 1975 hominum
1198 1917 1354 1974 ministeria

177 2007 299 2075 subisse,
324 2006 393 2062 haec
414 2006 506 2063 omnia
526 2022 582 2062 non
602 2005 646 2063 dis
666 2008 826 2075 evenerunt,
851 2007 899 2063 sed
920 2007 1021 2079 geniis.
1059 2007 1135 2080 Ergo
1159 2007 1274 2064 oracula
1298 2024 1354 2078 qua

178 2096 286 2152 ratione
306 2095 447 2163 deficiant,
472 2095 512 2151 ita
533 2095 709 2167 explanatur,
730 2097 762 2152 ut
781 2096 931 2153 daemones
955 2096 1131 2154 oraculorum
1145 2096 1281 2168 praelecti
1305 2098 1355 2153 aut

177 2185 333 2241 moriantur
357 2185 407 2240 aut
430 2184 569 2241 interdum
593 2184 649 2241 alio
674 2184 841 2258 demigrant.

266 2273 320 2330 His
347 2272 404 2330 1111
432 2290 541 2330 summa
569 2291 663 2331 eorum
691 2274 850 2332 continetur
879 2292 950 2346 quae
979 2293 996 2331 a
1027 2275 1202 2332 Cleombroto
1231 2274 1264 2331 de
1288 2274 1355 2330 dae·

178 2379 291 2420 monum
323 2363 425 2419 natura
458 2364 486 2419 et
513 2362 685 2420 divinatione
714 2363 899 2421 disseruntur.
947 2364 1075 2436 Apparet
1104 2364 1176 2420 talia
1209 2363 1355 2435 disputata

179 2468 240 2508 esse
264 2467 297 2507 ex
324 2452 416 2507 mente
443 2451 604 2524 philosophi
628 2452 786 2517 cuiusdam,
819 2452 863 2509 cui
887 2469 989 2509 numen
1014 2452 1139 2510 divinum
1162 2453 1241 2509 nulla
1264 2452 1355 2525 turpi-

177 2539 286 2598 tudinis
318 2540 431 2596 macula
464 2542 513 2596 aut
545 2541 719 2598 terrestrium
752 2541 888 2598 malorum
922 2542 1090 2614 contagione
1123 2558 1207 2614 posse
1241 2541 1355 2613 aspergi

180 2628 312 2687 sentienti
335 2628 469 2700 placebat
492 2629 574 2685 deum
597 2646 757 2701 supremum
780 2647 830 2701 per
849 2630 915 2686 deos
943 2633 1046 2687 natura
1070 2630 1224 2699 inferiores,
1252 2630 1355 2702 quibus

179 2717 291 2775 11111111
322 2720 416 2774 errata
439 2718 578 2790 quaedam
601 2718 805 2783 tribuerentur,
836 2735 897 2775 oum
928 2719 1088 2776 hominibus
1119 2737 1180 2776 esse
1212 2736 1353 2775 conexum.

181 2808 235 2864 Sed
259 2806 323 2878 quis
347 2809 409 2863 erat
432 2807 530 2863 auctor
552 2806 636 2864 huius
660 2807 823 2864 doctrinae?
861 2807 942 2875 Quod
965 2811 997 2865 ut
1020 2825 1160 2877 ornamus,
1185 2807 1355 2864 Plutarchus

181 2897 241 2968 ipse
265 2912 317 2952 nos
341 2895 455 2967 delegat
478 2894 515 2950 ad
538 2896 695 2953 Platonem.
742 2896 815 2952 Nam
845 2913 908 2968 cap.
936 2895 975 2955 13
999 2915 1027 2969 p.
1053 2892 1135 2958 llsf
1154 2898 1233 2953 locus
1257 2897 1355 2953 Plato-

181 2984 236 3041 nici
260 2984 378 3041 conuiuii
398 2984 536 3056 tangitur,
552 2985 601 3040 uhi
617 2986 656 3056 (p.
673 2983 766 3056 202⁶)
787 2985 894 3042 Socrati
911 2985 1034 3042 Diotima
1048 2986 1160 3060 magica
1183 2987 1234 3042 illa
1256 2985 1357 3042 mulier

182 3073 278 3146 qualia
311 3073 369 3130 sint
396 3073 540 3145 geniorum
571 3076 598 3130 et
625 3074 728 3129 natura
757 3075 784 3130 et
815 3073 907 3130 officia
936 3075 1070 3146 explicat:
1099 3085 1151 3130 πᾶν
1169 3077 1198 3129 τὸ
1221 3078 1356 3144 δαιμόνιον

181 3164 278 3231 μεταξύ
294 3163 346 3216 ε’στι
365 3165 430 3216 θεοῦ
450 3164 540 3216 τεκαὶ
559 3165 666 3231 θνητοῦ.
703 3166 777 3228 Τίνα,
796 3163 829 3231 ἦν
848 3165 873 3216 δ’
895 3165 956 3232 ἐγώ,
976 3166 1086 3232 δύναμιν
1104 3167 1178 3233 ἔχον;
1196 3167 1357 3232 Ἑρμηνεῦον

182 3254 228 3305 καὶ
251 3254 448 3319 ὃιαπορθμεῦον
471 3254 543 3310 θεοῖς
566 3251 596 3305 ιὰ
618 3253 682 3320 παρ’
709 3253 862 3320 ἀνθρώπων
885 3254 930 3306 καὶ
954 3254 1107 3322 ἀνθρώποις
1130 3254 1160 3306 ιὰ
1182 3254 1254 3320 παρὰ
1276 3255 1357 3317 θεῶν,

183 3348 236 3393 τῶν
253 3341 302 3408 μὲν
317 3340 360 3398 τὰς
380 3341 480 3408 δεήσεις
494 3341 539 3393 καὶ
553 3342 657 3404 θυσίας,
676 3348 729 3393 τῶν
748 3341 777 3393 δὲ
791 3341 835 3398 τὰς
854 3341 979 3403 ἐπιτάξεις
999 3344 1087 3394 τεκαὶ
1106 3342 1217 3411 ἀμοιβὰς
1237 3350 1290 3394 τῶν
1308 3344 1358 3395 dv·

184 3436 260 3492 σιῶν,
283 3430 311 3482 ἒν
334 3429 407 3496 μέσῳ
426 3429 456 3482 δὲ
474 3430 503 3482 ὃν
522 3430 681 3497 ἀμφοτέρων
700 3431 851 3498 συμπληροῖ
854 3473 860 3494 ,
885 3432 951 3483 ὥστε
975 3431 1003 3482 τὸ
1025 3439 1076 3482 πᾶν
1094 3431 1157 3483 αὐτὸ
1176 3433 1248 3498 αὑτῷ
1268 3433 1358 3493 ξυνδε-

184 3517 276 3570 diodor
296 3518 350 3568 κιλ.

274 3604 335 3661 Hoc
359 3604 421 3661 loco
440 3604 626 3661 Plutarcheae
650 3604 879 3677 daemonologiae
903 3604 1117 3662 fundamentum
1142 3606 1245 3663 iactum
1269 3606 1358 3664 vides.

186 3692 362 3764 Quamquam
387 3710 404 3748 a
427 3693 545 3750 Platone
569 3693 647 3765 ipso,
673 3693 752 3750 11111
776 3695 869 3751 verba·
889 3694 972 3767 quasi
995 3694 1137 3766 praelusio
1162 3697 1246 3767 atque
1276 3713 1359 3767 prae-

186 3781 278 3839 cursio
298 3781 540 3855 daemonologiam
559 3782 745 3854 posteriorum
764 3777 996 3852 excitarerurrt¹),
1016 3783 1181 3855 profundior
1205 3786 1232 3840 et
1247 3784 1360 3855 gravior

187 3871 338 3942 disciplina
371 3871 464 3943 qualis
497 3873 591 3929 1111111
623 3871 699 3943 apud
730 3871 912 3928 Plutarchum
944 3889 1000 3928 non
1033 3872 1144 3928 exculta
1177 3875 1229 3929 est.
1285 3871 1359 3927 Nam

188 3976 313 4016 summus
336 3959 383 4015 ille
406 3960 601 4032 philosophus,
625 3962 657 4017 ut
681 3960 747 4018 deos
768 3960 930 4032 populares
955 3977 1072 4033 quorum
1096 3960 1201 4017 cultum
1225 3961 1359 4032 religione

187 4051 307 4120 paterna
327 4049 466 4105 sancitum
486 4051 522 4106 ab
538 4049 707 4121 antiquitate
727 4051 882 4122 acceperat,
903 4051 1056 4106 uerecunde
1071 4049 1185 4106 retinuit
1199 4066 1250 4106 1111
1264 4052 1358 4107 tamen

188 4137 277 4209 primo
301 4138 362 4194 loco
385 4138 493 4209 posuit,
518 4139 559 4196 ita
583 4139 732 4197 daemones
756 4155 865 4211 quoque
889 4139 995 4212 magis,
1019 4141 1051 4196 ut
1074 4139 1212 4196 communi
1236 4138 1361 4211 opinioni

281 4433 301 4501 ¹)
320 4432 488 4500 Magnopere
506 4433 552 4486 ille
572 4449 657 4500 symp.
676 4434 751 4486 loeus
771 4451 787 4487 a
805 4434 1001 4501 posterioribus
1020 4441 1135 4488 vexatus
1155 4442 1204 4503 est,
1225 4435 1301 4489 cuius
1321 4439 1361 4488 rei

191 4503 350 4557 testnnenia
368 4503 480 4572 collegit
499 4502 565 4558 Otto
583 4505 653 4558 Iahn
670 4505 699 4558 in
718 4505 784 4558 edit.
803 4505 874 4559 Plat.
894 4522 978 4573 symp.
999 4507 1034 4560 ad
1052 4507 1069 4559 l.
1089 4507 1106 4560 l.
