3210 5010
672 267 873 329 ..6-

270 449 331 505 Iam
355 447 531 517 Volkmann,
556 464 617 504 curn
640 447 808 505 Xenocratis
841 446 1038 504 auctoritatem
1071 447 1240 519 permultum
1267 447 1360 503 valore

182 536 256 609 apud
276 537 460 594 Plutarchum
482 537 682 609 perspexisset,
703 537 836 608 opinatus
856 538 900 593 est
917 536 936 593 1.
956 537 976 594 l.
998 537 1025 592 11
1044 554 1072 609 p.
1091 534 1130 595 15
1156 535 1360 593 Chaeronensis

182 627 215 683 de
239 626 423 684 daemonibus
447 626 605 683 doctrinam
628 643 689 683 curn
714 627 889 683 Xenocratea
920 625 1076 682 cohaerere.
1124 625 1177 682 Sed
1207 641 1258 683 suo
1285 641 1360 682 more

181 715 211 772 in
235 715 309 772 hanc
332 733 390 772 rem
414 715 574 773 accuratius
598 731 654 771 non
678 715 834 787 inquisivit.

271 804 424 861 Manifesta
455 804 533 862 illius
556 804 719 861 Academici
747 804 868 877 vestigia
892 804 925 860 de
949 803 1004 860 def.
1029 820 1069 861 or.
1094 820 1157 875 cap.
1184 801 1223 861 12
1247 803 1360 860 ineunte

183 893 438 966 deprehenduntur.
485 892 592 949 Ibidem
624 894 789 951 daemonum
818 894 937 950 naturae
966 892 1160 964 explanandae
1188 892 1361 948 Xenocrates

183 1000 297 1055 operam
325 1000 448 1040 navasse
476 982 591 1039 dicitur:
621 1000 682 1039 enm
712 998 892 1054 comparasse
921 999 983 1038 curn
1007 981 1121 1038 deorum
1143 982 1247 1038 natura
1269 980 1360 1038 trian-

183 1072 280 1146 gulum
304 1071 523 1144 aequilaterum,
549 1088 612 1128 cum
635 1072 748 1129 mortali
771 1089 872 1144 genere
895 1071 1071 1144 triangulum
1095 1069 1293 1142 inaequalibus
1316 1069 1360 1126 la·

182 1160 291 1219 teribus
310 1163 492 1230 exstructum,
516 1160 636 1233 denique
656 1178 720 1219 oum
739 1161 905 1218 daemonum
926 1162 1030 1217 natura
1044 1159 1074 1216 id
1087 1159 1263 1231 triangulum
1287 1159 1361 1231 quod

182 1251 236 1307 duo
265 1250 356 1307 latera
385 1250 516 1322 aequalia
550 1267 638 1321 eaque
666 1251 749 1309 tertio
777 1251 941 1324 inaequalia
968 1250 1083 1306 haheat.
1130 1248 1235 1305 Eodem
1268 1247 1360 1319 capite

182 1341 230 1398 1110
249 1339 370 1398 convivii
389 1340 477 1408 locus,
497 1339 525 1395 in
546 1355 600 1410 quo
621 1340 711 1398 totins
727 1340 957 1413 daemonologiao
976 1341 1105 1396 versatur
1120 1338 1214 1408 cardo,
1235 1337 1359 1394 affertur.

182 1430 267 1487 Haud
287 1446 353 1503 ergo
373 1430 473 1502 opinor
487 1446 624 1498 erravero,
647 1431 672 1488 si
691 1430 852 1487 aPlatonis
867 1429 1099 1487 Academicorum
1117 1426 1254 1500 principis
1273 1425 1360 1483 vesti-

181 1518 237 1592 giis
261 1518 468 1591 investigandis
493 1518 695 1590 disputationis
719 1519 830 1577 initium
854 1536 962 1591 cepero.
1174 1513 1176 1518 ’

271 1609 339 1681 Cap.
373 1606 411 1667 10
444 1608 594 1665 daemones
627 1626 660 1665 ex
687 1609 847 1665 hominibus
876 1609 942 1665 oriri
971 1608 1116 1666 statuitur.
1163 1609 1225 1666 Hoc
1257 1609 1360 1681 optime

182 1697 306 1755 concinit
325 1715 388 1754 cum
407 1697 528 1754 Phaedri
547 1697 654 1771 dialogi
675 1698 768 1755 vorbis
791 1716 819 1770 p.
840 1695 931 1766 2460,
957 1698 1060 1769 quibus
1084 1698 1195 1755 animae
1218 1697 1360 1755 hominum

185 1787 283 1859 quales
307 1789 373 1844 ante
397 1786 564 1843 descensum
587 1787 645 1844 sint
674 1789 702 1844 01
725 1790 790 1859 0001
813 1804 953 1844 recessum
978 1787 1128 1844 daemones
1151 1789 1359 1858 nuncupantur.

184 1876 349 1933 Animarum
382 1892 446 1933 vero
479 1876 625 1949 migratio,
658 1894 729 1949 quae
762 1876 866 1933 ibidem
900 1875 975 1948 apud
1008 1876 1191 1932 Plutarchum
1222 1876 1360 1949 tangitur,

185 1967 359 2038 quantopere
379 1964 493 2022 Platoni
511 1952 659 2037 placu'erit,
683 1966 815 2038 permulti
837 1965 892 2022 loci
916 1965 1031 2023 docent:
1055 1965 1160 2022 Phaed.
1182 1963 1250 2034 810,
1275 1966 1360 2024 Polit.

185 2049 279 2123 2711,
299 2054 418 2111 Phaedr.
436 2052 499 2113 248
516 2072 569 2127 00,
595 2055 628 2111 de
648 2073 677 2111 re
700 2055 778 2127 publ.
798 2055 824 2112 X
844 2056 924 2124 extr,
945 2055 1015 2112 Tim.
1036 2050 1123 2124 42b⁰‚
1148 2049 1235 2113 91⁶⁰.
1272 2054 1361 2111 Avide

182 2143 236 2200 hoc
260 2142 363 2216 dogma
387 2143 566 2215 arripuerunt
588 2144 717 2201 Platonis
742 2144 887 2217 discipuli,
912 2144 945 2201 de
970 2160 1087 2216 quorum
1112 2143 1240 2200 doctrina
1264 2143 1358 2201 Chalc.

182 2249 281 2290 comm.
306 2232 335 2289 in
360 2232 431 2291 Tim.
458 2230 520 2292 135
546 2234 649 2306 (Muli.)
674 2233 812 2291 conferas.

271 2322 360 2379 Paulo
388 2322 481 2380 fusius
509 2322 543 2379 de
565 2323 714 2381 Hesiodeis
744 2325 820 2396 apud
843 2323 1027 2380 Plutarchum
1055 2340 1088 2380 ex
1110 2323 1231 2380 Platone
1261 2322 1360 2380 ascitis

181 2413 291 2485 loquar.
338 2411 388 2468 Ait
416 2412 609 2470 Cleombrotus
638 2413 734 2470 eodem
763 2413 856 2485 capite
884 2412 1039 2469 Hesiodum
1071 2412 1191 2484 primum
1224 2413 1300 2469 claro
1333 2415 1360 2469 et

182 2501 316 2559 distincto
335 2518 462 2558 sermone
481 2501 670 2559 introduxisse
692 2504 827 2574 quattuor
845 2519 949 2574 genera
969 2518 1063 2558 eorum
1082 2502 1130 2574 qui
1149 2501 1268 2559 rationis
1284 2518 1359 2558 corn·

181 2593 263 2663 potes
296 2592 405 2647 essent:
439 2591 567 2661 deorum,
598 2592 779 2660 daemonum,
808 2592 936 2660 heroum,
963 2590 1107 2648 hominum
1131 2608 1230 2664 genus.
1277 2591 1360 2647 Hanc

182 2679 465 2752 quadripartitionem
484 2697 541 2737 non
557 2681 593 2737 ad
607 2681 770 2753 praeclaras
785 2680 903 2737 Hesiodi
918 2680 1040 2752 quinque
1055 2681 1164 2737 aetates
1178 2673 1358 2752 pertinere¹),

183 2769 232 2826 sed
251 2769 402 2826 artificiose
423 2770 599 2826 enucleatam
619 2787 679 2826 esso
700 2787 732 2827 ex
755 2769 883 2826 versibus
908 2786 952 2840 op.
978 2772 1013 2826 ot.
1029 2769 1066 2827 di.
1092 2767 1168 2839 110,
1191 2767 1263 2837 122,
1286 2767 1358 2838 172,

186 2856 257 2927 176,
277 2857 306 2915 in
326 2858 429 2930 quibus
444 2859 575 2931 deinceps
590 2861 723 2924 ἀθάνατοι,
738 2863 867 2929 δαίμονες,
882 2863 977 2928 ἥρωες,
996 2860 1024 2913 τὸ
1038 2869 1084 2913 νῦν
1098 2861 1169 2928 γένος
1193 2874 1359 2915 commemo-

182 2948 290 3016 rantur,
311 2946 394 3003 facile
413 2947 596 3021 intellegitur.
634 2949 697 3005 Hac
719 2949 752 3005 do
776 2967 805 3006 re
829 2948 952 3006 dubitari
976 2965 1031 3005 non
1056 2948 1153 3005 sinunt
1176 2947 1267 3020 ipsius
1290 2948 1359 3004 Plu-

181 3035 273 3093 tarchi
305 3036 391 3092 verba
424 3037 500 3108 apud
522 3037 677 3094 Eusebium
708 3056 805 3110 praep.
831 3056 873 3096 ev.
898 3038 936 3107 V,
962 3036 995 3107 4,
1033 3037 1045 3096 1
1076 3037 1203 3109 pleniora
1233 3025 1358 3093 servata:

180 3127 304 3184 Ἠσίοδος
324 3126 352 3179 δὲ
370 3129 500 3194 καθαρῶς
519 3129 564 3180 καὶ
584 3129 765 3196 διωρισμένως
782 3136 887 3197 πρῶτος
905 3129 1019 3196 ἐξέθηκε
1042 3135 1095 3180 τῶν
1117 3130 1231 3196 λογικῶν
1250 3128 1360 3194 τέσσαρα

181 3215 254 3283 γένη·
278 3216 357 3274 θεούς
364 3257 370 3280 ,
394 3215 447 3269 εἶτα
467 3219 604 3284 δαίμονας,
623 3217 675 3270 εἶτα
700 3220 803 3286 ἥρωας,
822 3218 851 3270 τὸ
870 3219 896 3271 δ’
920 3218 960 3270 ἐπὶ
978 3225 1056 3270 πᾶσιν
1074 3217 1246 3284 ἀνθρώπους,
1265 3217 1299 3278 ἐξ
1317 3215 1360 3268 ῶν

181 3305 269 3357 ἔοικε
287 3313 393 3358 ποιεῖν
418 3305 472 3373 τὴν
494 3305 676 3375 μεταβολὴν
695 3315 748 3359 τοῦ
772 3306 830 3374 μὲν
852 3314 973 3375 χρυσοῦ
1000 3306 1111 3374 γένους
1133 3307 1178 3363 εἷς
1204 3307 1360 3371 δαίμονας

182 3393 319 3453 πολλοὺς
346 3387 559 3466 κᾷγαθοὺςθ),
584 3402 637 3448 τῶν
661 3396 687 3448 d’
713 3395 833 3463 ἡμιθέων
856 3397 893 3454 εἷς
916 3397 1007 3464 ἥρωας
1031 3395 1238 3462 ἀποκριθέντων.
1284 3392 1358 3448 Hinc

181 3605 225 3682 001
239 3600 400 3725 ᾗωοοξρῷε
416 3601 651 3670 daemonologiam
666 3602 819 3669 011011ιιερὶ
838 3603 911 3655 θεῶν
925 3601 993 3656 libro
1008 3600 1101 3654 Laert.
1116 3599 1198 3669 Diog.
1213 3600 1260 3667 IX,
1278 3598 1302 3667 2,
1324 3599 1357 3652 13

181 3687 239 3725 1100
269 3687 314 3725 am
363 3688 424 3726 1000.

272 3751 292 3821 1)
313 3751 465 3822 Goettling,
485 3769 564 3820 quern
579 3759 689 3810 0001110
709 3755 856 3822 00111001,
877 3757 912 3808 01
932 3771 973 3822 00.
994 3759 1022 3806 01
1041 3753 1119 3807 div.
1138 3753 1188 3804 122
1208 3752 1276 3804 falso
1297 3767 1359 3803 con-

182 3821 273 3876 tendit
292 3840 308 3876 a
327 3823 473 3878 Plutarcho
493 3842 615 3894 aureum,
640 3831 813 3896 argenteum,
838 3842 953 3881 aeneum
978 3842 1081 3894 genera
1108 3822 1197 3878 verbis
1225 3823 1359 3888 δαιμόνων

181 3894 286 3946 πολλῶν
304 3894 433 3963 κάγαθῶν
453 3897 651 3966 comprehendi.
707 3893 709 3898 ¹

272 3973 293 4042 2)
311 3975 400 4029 Valde
413 3977 496 4031 miror
510 3978 582 4044 quod
596 3994 687 4033 ornnes
705 3979 850 4034 moralium
868 3980 986 4034 editores
1005 3978 1147 4034 Plutarchi
1165 3979 1239 4033 haud
1257 3977 1359 4046 exigua

182 4044 607 4127 11101110ιο1Ε1001100011010
625 4049 666 4104 ita
679 4051 868 4119 neglexerunt,
887 4058 920 4104 ut
933 4068 968 4106 ne
986 4052 1028 4104 his
1043 4051 1151 4118 quidem
1170 4052 1259 4105 verbis
1278 4053 1359 4119 plane

182 4131 342 4170 necessarus
371 4123 530 4173 contextum
558 4121 700 4187 explerint.
738 4122 926 4188 Wyttenbaoh
953 4122 1036 4176 nimia
1064 4139 1118 4189 qua
1143 4128 1203 4176 erat
1225 4123 1359 4192 religione

182 4185 265 4238 verba
283 4187 406 4254 pleniora
424 4190 511 4243 solum
530 4192 579 4244 sub
600 4198 730 4246 contextu
749 4193 848 4260 posuit,
869 4193 968 4246 Reiske
988 4195 1171 4248 Eusebianum
1189 4197 1359 4262 supplemen-

182 4262 242 4311 tum
265 4258 379 4327 sprevit‚
405 4261 478 4328 apud
496 4262 669 4316 Duebnerum
692 4264 791 4317 lacuna
809 4264 876 4317 hiat.
914 4265 972 4317 Ηοο
1001 4281 1062 4318 0111
1081 4271 1235 4320 nostrorum
1254 4266 1359 4320 dierum

183 4328 243 4382 luce
257 4344 367 4396 prorsus
381 4330 418 4385 011
432 4330 583 4400 indignum,
603 4332 632 4386 11
647 4334 704 4388 dies
719 4335 905 4388 vehementius
925 4342 1008 4401 atque
1027 4337 1167 4390 ardentius
1187 4338 1360 4392 desideratur

183 4414 254 4482 1010
267 4401 409 4524 moratlium
428 4402 512 4456 editio
532 4419 601 4469 quae
615 4421 632 4457 a
645 4406 854 4460 Bernardaldsio
869 4406 1014 4475 recognita
1033 4408 1125 4462 lausto
1144 4409 1232 4463 omine
1250 4409 1358 4478 prodire

182 4487 237 4526 ram
255 4486 332 4540 coepi
347 4514 352 4526 .
