3210 5010
695 313 915 374 ..33-

219 518 274 565 γεια
292 504 344 554 τοῖς
363 496 500 564 οὐρανίοις.
535 496 582 554 Ὡς
600 495 645 548 καὶ
664 495 779 548 Πλάτων
832 496 868 554 εἰς
892 494 922 548 τά
945 496 992 548 ὑπ’
1018 497 1097 563 αὑτῆς
1125 497 1262 565 τεταγμένα
1286 497 1316 549 τὰ
1339 497 1393 550 ἕπτ’-

218 586 323 653 ᾑνίξατο
338 593 390 644 τοῖς
404 592 457 637 τῶν
471 587 585 651 Μοιρῶν
599 585 717 652 ὀνόμασι,
732 584 779 652 τὴν
832 605 904 653 νεια.
921 625 926 636 .
943 625 970 636 ..
999 585 1029 637 τὰ
1058 585 1087 637 δὲ
1113 586 1180 638 καθ’
1210 587 1308 640 ἕκαστα
1335 587 1394 654 περὶ

218 674 266 741 μὲν
280 675 411 742 Ἄτροπον,
430 673 476 742 τὴν
494 673 523 726 δὲ
539 674 666 741 Λάχεσιν,
686 673 732 742 τὴν
750 673 779 725 δὲ
832 674 965 726 τούτωνά
987 675 1074 741 ἕτερος
1085 676 1172 742 μῦθος
1191 675 1207 727 ὅ
1224 675 1251 727 ἒν
1266 683 1297 743 τῇ
1312 677 1393 729 Πολι-

218 763 328 816 Κλωθὼ
346 764 572 831 προσαγορεύσας’
832 764 885 830 τείᾳ
903 764 1015 830 μετρίως
1034 763 1174 816 αἰνίττεται.

308 850 361 908 His
384 851 453 908 locis
482 849 648 907 examinatis
676 867 732 906 non
761 867 835 906 vana
863 849 916 907 tibi
939 849 1080 907 videbitur
1107 851 1230 923 suspicio
1254 850 1334 907 illam
1357 851 1393 907 li-

219 940 286 997 belli
318 939 476 997 doctrinam
508 957 541 996 ex
563 939 724 996 Academici
753 939 899 998 cuiusdam
930 939 1056 1009 scriniis,
1085 939 1134 1012 qui
1165 940 1298 997 domorat
1327 944 1393 997 ante

219 1030 412 1098 Plutarchum,
436 1029 568 1086 haustam
593 1046 662 1087 esse.
699 1028 761 1084 Hoc
776 1030 874 1085 contra
894 1028 1045 1086 Gorckoum
1065 1029 1212 1098 contendo,
1238 1029 1286 1102 qui
1310 1031 1393 1102 (mus

219 1119 307 1176 Rhen.
332 1119 351 1176 l.
376 1119 395 1176 l.
420 1136 448 1190 p.
474 1115 550 1190 279)
575 1117 652 1174 illurn
678 1117 868 1186 Platonicum,
893 1117 928 1174 ad
954 1135 1034 1190 quern
1063 1119 1186 1175 redirent
1214 1121 1241 1176 et
1268 1119 1393 1176 Pseudo-

219 1208 385 1279 plutarchus
414 1209 442 1264 et
465 1207 642 1276 Chalcidius,
672 1208 738 1263 ante
762 1207 914 1264 Traianum
945 1206 1033 1264 fuisse
1056 1207 1181 1282 negavit.
1229 1208 1307 1276 Quae
1331 1225 1393 1264 cum

220 1298 260 1353 ita
293 1297 365 1366 sint,
389 1296 543 1354 Parcarum
576 1296 746 1353 montionem
777 1296 883 1353 maiore
912 1313 974 1353 cum
1002 1297 1215 1368 probabilitatis
1245 1297 1337 1369 specie
1361 1316 1394 1354 ex

219 1389 310 1443 vetere
334 1386 504 1443 Academica
528 1403 612 1458 quarn
636 1403 669 1442 ex
692 1385 788 1442 Stoica
811 1385 963 1457 disciplina
990 1386 1020 1442 in
1045 1404 1106 1443 eum
1130 1386 1257 1443 libellum
1280 1386 1314 1442 de
1338 1404 1392 1459 quo

219 1475 330 1547 agimus
354 1493 487 1532 manasse
507 1492 673 1546 persuasum
688 1474 788 1532 haheo.
832 1475 912 1543 Quod
935 1492 1000 1532 vero
1025 1475 1199 1549 Chrysippus
1223 1476 1252 1532 in
1275 1477 1392 1532 eandem

219 1565 375 1621 doctrinam
399 1564 560 1633 inclinavit,
584 1565 638 1621 hac
662 1582 690 1621 re
714 1564 804 1621 denuo
828 1564 1041 1636 comprobatur,
1068 1582 1154 1637 quern
1177 1564 1249 1622 artis
1272 1565 1392 1622 vinculis

218 1653 347 1711 Porticus
371 1655 503 1711 etvetus
527 1653 681 1710 Academia
705 1654 871 1711 coniunctae
893 1652 997 1710 fuerint
1022 1654 1070 1727 (cf.
1095 1671 1183 1726 supra
1205 1671 1234 1726 p.
1262 1647 1340 1726 114).

307 1743 360 1800 His
388 1742 511 1815 peractis
540 1743 707 1800 accedamus
736 1743 772 1800 ad
800 1743 902 1800 ultima
928 1742 1018 1800 nostri
1045 1742 1135 1800 libelli
1163 1743 1259 1815 capita
1283 1741 1390 1802 9-11

219 1834 314 1903 aperto
339 1833 455 1889 eandem
479 1832 678 1890 Academicam
701 1834 822 1890 mentem
845 1832 995 1905 spirantia.
1042 1832 1086 1889 lbi
1113 1831 1259 1905 tripartita
1282 1832 1392 1888 induci-

216 1924 264 1979 tur
290 1922 480 1994 providontia:
515 1922 607 1994 prima
635 1925 663 1979 et
690 1939 822 1995 suprema
851 1924 894 1979 est
922 1922 1058 1995 cogitatio
1083 1923 1111 1979 et
1133 1922 1266 1979 voluntas
1290 1922 1393 1979 summi

218 2011 275 2080 dei,
305 2029 362 2084 qua
386 2012 515 2084 singulae
544 2012 655 2069 divinae
683 2029 728 2068 res
756 2012 861 2084 optime
890 2013 918 2068 et
940 2011 1125 2083 pulcherrime
1148 2011 1296 2068 ordinatae
1320 2011 1391 2080 sint;

218 2100 308 2157 altera
332 2103 376 2158 ost
398 2118 484 2173 penes
509 2101 575 2157 deos
595 2100 711 2158 secundi
730 2101 836 2158 ordinis
859 2117 909 2173 per
932 2101 1040 2157 caelum
1063 2101 1212 2173 vagantes,
1238 2117 1294 2173 qua
1317 2117 1391 2157 mor-

217 2189 318 2246 talium
336 2207 381 2246 ros
405 2189 610 2262 gubementur;
634 2189 720 2247 tertia
739 2192 782 2247 est
800 2189 977 2262 providentia
1001 2191 1029 2246 et
1051 2189 1212 2261 procuratio
1236 2189 1390 2262 geniomm,

218 2278 265 2350 qui
293 2281 398 2335 terram
427 2278 543 2350 propius
574 2279 705 2337 collocati
732 2296 777 2335 res
804 2278 948 2336 hominum
971 2281 1068 2335 curent
1093 2295 1195 2350 eosque
1219 2278 1390 2336 custodiant.

218 2367 310 2424 Huius
334 2367 536 2440 disputationis
561 2384 670 2425 summa
689 2368 763 2425 unde
787 2368 918 2440 pendeat,
943 2368 1023 2425 docet
1038 2367 1231 2426 testimonium
1254 2367 1390 2424 simillimi

217 2455 341 2512 Nemesii
364 2457 419 2513 loci
443 2457 488 2529 (de
511 2458 570 2517 nat.
590 2456 663 2515 hom.
680 2454 723 2516 44
746 2474 773 2528 p.
797 2455 859 2517 176
870 2455 936 2533 su),
961 2474 1015 2529 quo
1040 2456 1153 2514 disertis
1176 2456 1270 2514 verbis
1294 2455 1390 2512 eadem

217 2545 324 2616 placita
344 2546 380 2602 ad
399 2545 546 2602 Platonem
570 2546 737 2603 refemntur.
775 2546 872 2603 Potuit
894 2546 1019 2618 profecto
1043 2546 1116 2603 hanc
1136 2545 1293 2602 doctrinam
1314 2546 1390 2601 Aca-

217 2634 341 2691 demicus
370 2634 473 2708 aliquis
501 2635 626 2692 invenire
654 2636 681 2692 in
711 2634 825 2692 Timaeo
849 2630 890 2713 (p.
916 2633 958 2694 38
970 2633 1036 2711 sq.),
1065 2634 1115 2692 ubi
1143 2651 1270 2692 summus
1294 2634 1391 2690 mundi

216 2726 378 2796 procreator
396 2742 414 2780 a
432 2723 603 2782 caelestibus
622 2724 682 2782 deis
701 2724 869 2781 discernitur
893 2726 920 2781 et
940 2724 980 2796 (p.
996 2721 1038 2784 40
1046 2719 1071 2796 01)
1097 2723 1248 2781 daemones
1272 2723 1389 2780 strictim

216 2815 476 2871 commemorantur.
527 2813 587 2871 Nec
619 2813 899 2887 praetermittendum
936 2815 980 2870 est
1017 2813 1186 2870 subdititiae
1224 2812 1390 2885 epinomidis

216 2902 380 2974 scriptorem
404 2903 440 2959 ad
463 2903 636 2960 mundanam
660 2903 792 2972 animam,
818 2900 903 2975 quam
927 2919 977 2974 pro
1001 2902 1049 2959 illo
1074 2919 1181 2960 summo
1207 2902 1257 2959 deo
1282 2901 1390 2959 substi-

214 2991 283 3060 tuit,
313 2993 341 3048 et
369 2992 405 3048 ad
432 2993 568 3050 caelestes
596 2992 663 3050 deos
692 2994 720 3050 et
747 2992 784 3048 ad
812 2992 962 3048 daemones
991 3008 1100 3048 omnem
1124 2991 1287 3063 religionem
1309 3007 1389 3048 revo-

215 3095 296 3137 casse
326 3080 373 3151 (ef.
398 3081 471 3152 epin.
504 3099 532 3153 p.
567 3075 690 3154 9840‘1).
742 3081 829 3138 Porro
862 3080 1023 3137 memoriam
1056 3082 1239 3153 repraesenta
1274 3078 1389 3136 Stobaei

215 3168 370 3226 testimonii
394 3169 457 3242 (ecl.
473 3171 496 3239 Ι,
516 3170 542 3239 l,
568 3165 641 3242 29b)
663 3187 680 3226 a
700 3169 784 3227 nohis
808 3169 865 3226 iarn
889 3186 973 3241 saepe
997 3169 1100 3227 vexati.
1138 3168 1213 3225 Nam
1228 3185 1309 3226 nemo
1332 3186 1388 3226 non

214 3257 321 3314 videbit
343 3257 373 3314 in
393 3258 572 3315 Chalcedonii
591 3258 684 3315 verbis
707 3259 754 3328 τὴν
775 3260 876 3327 μονάδα
896 3300 901 3311 .
923 3300 928 3311 .
949 3300 955 3311 .
979 3259 1016 3317 ὥς
1039 3260 1136 3326 ἄρρενα
1158 3259 1256 3327 πατρὸς
1275 3261 1389 3327 ἔχουσαν

214 3347 296 3410 τάξιν,
319 3348 347 3399 ἓν
369 3348 474 3416 οὐρανῷ
496 3349 697 3417 βασιλεύουσαν,
721 3349 809 3416 ἥντινα
831 3349 1018 3416 προσαγορεύει
1041 3348 1086 3401 καὶ
1105 3350 1177 3417 Ζῆνα
1201 3349 1247 3400 καὶ
1271 3349 1389 3416 περιττὸν

214 3435 260 3486 καὶ
277 3443 348 3498 νοῦν,
366 3437 434 3494 ὅστις
452 3437 520 3489 ε’στὶν
538 3437 610 3504 αὐτῷ
628 3443 754 3504 πρῶτος
771 3438 859 3495 θεάς·
881 3477 886 3488 .
907 3477 912 3488 .
934 3478 939 3488 .
966 3437 1033 3492 Θεὸν
1052 3437 1077 3490 δ’
1098 3437 1163 3490 εἶναι
1181 3438 1228 3490 καὶ
1246 3437 1290 3490 τὸν
1308 3437 1387 3503 οὐρα-

213 3523 258 3575 νὸν
276 3524 322 3576 καὶ
340 3522 412 3582 τοὺς
431 3523 566 3592 ἀστέρας
583 3526 748 3593 πυρώδεις
764 3525 958 3592 Ὀλυμπίους
976 3526 1086 3589 θεούς,
1109 3525 1154 3578 καὶ
1173 3526 1276 3593 ἑτέρους
1294 3526 1388 3578 ὑποστ-

213 3612 307 3679 lorove
326 3614 483 3680 δαίμονας
502 3613 629 3680 ἀοράιοος
644 3612 848 3685 quodammodo
863 3613 955 3670 inesse
970 3612 1088 3671 eandem
1103 3613 1270 3671 doctrinam.
1309 3612 1388 3669 Certe

213 3699 326 3771 quidem
353 3700 461 3773 placita
489 3701 649 3773 philosophi
673 3702 833 3771 cuiusdam,
858 3702 907 3774 qui
930 3719 1046 3775 prorsus
1070 3703 1193 3774 pendeat
1216 3719 1233 3758 a
1257 3701 1386 3771 Platone,

213 3788 241 3844 in
266 3789 306 3847 eis
326 3789 416 3846 libelli
439 3789 581 3862 capitibus
606 3790 639 3846 de
663 3791 766 3863 quibus
785 3791 966 3863 disputamus
987 3791 1105 3848 inveniri
1128 3792 1216 3848 testes
1241 3792 1308 3847 sunt
1330 3807 1387 3848 non

212 3878 297 3949 pauci
319 3878 410 3950 ipsius
433 3879 563 3936 Platonis
587 3879 656 3948 loci,
686 3879 789 3952 quibus
818 3880 868 3936 illa
887 3879 1084 3952 providentiae
1106 3879 1261 3952 tripartitio
1285 3878 1386 3936 confir-

212 3968 315 4024 matur.
360 3966 421 4025 Nec
450 3969 547 4024 tamen
570 3968 630 4025 fieri
653 3968 780 4040 potuisse
804 3968 1002 4038 infitiabimur,
1033 3967 1132 4025 uthis
1156 3968 1286 4041 genuinis
1310 3968 1386 4025 Aca-

212 4054 380 4113 demioomm
394 4057 553 4128 praeceptis
573 4057 682 4114 alienae
702 4057 860 4129 sapientiae
878 4057 1001 4115 frustula
1020 4057 1252 4115 immiscerentur.
1291 4057 1386 4115 Veluti

213 4142 302 4201 Zellbr
317 4145 372 4216 (III
387 4137 464 4218 2³1).
486 4139 573 4219 180²)
593 4146 757 4216 discrimini,
781 4146 856 4218 quod
879 4146 952 4203 inter
969 4149 1102 4216 πρόνοιαν,
1121 4148 1287 4215 εἱμαρμένην,
1306 4148 1386 4215 φύσιν

212 4232 381 4290 intercedere
410 4250 434 4291 c.
464 4232 483 4293 9
509 4235 658 4304 statuitur,
690 4235 837 4293 Cleanthis
866 4235 1023 4293 doctrinam
1056 4234 1174 4292 subesse
1206 4234 1326 4292 coniecit
1359 4236 1386 4291 et

212 4320 317 4378 Gercke
342 4323 374 4394 (l.
394 4322 411 4382 i.
435 4340 463 4395 p.
494 4321 570 4397 281)
592 4324 628 4381 ad
657 4324 772 4381 eundern
803 4323 999 4381 subdifficilem
1028 4324 1120 4381 locum
1144 4324 1385 4396 interpretandum

211 4409 352 4467 decretum
377 4412 517 4483 quoddam
532 4413 676 4470 Posidonii
700 4413 838 4471 adhibuit.
882 4413 936 4470 Sed
959 4430 1069 4486 semper
1091 4414 1243 4470 tenendum
1267 4415 1310 4470 est
1333 4429 1385 4470 nos

213 4499 352 4572 ignorare,
377 4517 444 4557 uum
462 4500 534 4559 forte
552 4501 609 4558 iarn
628 4502 657 4558 in
680 4502 782 4560 veteris
802 4502 972 4559 Academiae
995 4502 1077 4560 libris
1100 4504 1256 4574 temporum
1279 4501 1385 4559 invidia

1209 4602 1226 4655 3
