3210 5010
695 311 916 374 ..35-

214 492 393 559 παραπλήσια·
419 491 449 545 τὰ
468 491 497 545 δὲ
516 493 557 544 οἷά
576 513 602 545 τε
621 495 779 562 κωλυθῆναί

216 581 292 644 ε’στιν,
311 581 348 639 ὡς
362 580 444 633 πολλὰ
462 579 510 647 μὲν
524 589 577 634 τῶν
590 582 776 651 ἀνθρωπίνων,

216 668 298 722 πολλὰ
327 669 356 722 δὲ
383 670 428 723 καὶ
461 677 514 722 τῶν
543 673 699 738 μεταρσίων.
741 671 777 725 Τὰ

215 757 263 825 μὲν
282 758 329 812 οὖν
346 760 459 826 πρότερα
474 760 511 817 ὡς
530 760 559 822 ἐξ
576 759 691 828 ἀνάγκης
709 763 777 829 γινό-

215 867 281 914 μενα
305 847 434 914 ἀναγκαῖα
460 849 688 916 προσαγορεύεται·
713 850 729 901 ἃ
749 849 778 902 δὲ

215 935 282 1002 πρὸς
319 936 465 989 τούναντίον
494 937 637 1005 ἐπιδέχεται
674 937 777 1006 ε’νδεχό-

216 1045 289 1091 μενα.
324 1025 485 1093 Ἀφορίζοιτο
512 1027 538 1079 δ’
563 1027 595 1080 ἀν
618 1027 662 1079 καὶ
686 1035 775 1080 ταῦτα·

218 1112 245 1164 τό
272 1113 320 1180 μὲν
348 1114 489 1183 ἀναγκαῖον
518 1115 627 1168 δυνατὸν
658 1116 687 1169 τὸ
709 1117 777 1170 ἀντι-

217 1205 335 1270 κείμενον
357 1203 489 1270 ἀδυνάτῳ’
515 1204 543 1256 τὸ
562 1205 591 1257 δὲ
609 1205 777 1273 ἐνδεχόμενον

217 1293 339 1355 δυνατόν,
364 1293 396 1345 οὗ
418 1293 464 1344 καί
486 1293 515 1345 τὸ
538 1294 713 1361 ἀντικείμενον
731 1296 776 1347 δυ-

216 1383 301 1434 νατόν.
343 1381 376 1433 Τὸ
407 1380 455 1448 μὲν
487 1381 535 1449 γὰρ
563 1384 705 1436 καταδῦναι
733 1383 777 1436 τάν

217 1470 290 1538 ἥλιον
308 1470 449 1538 ἀναγκαῖόν
468 1492 494 1523 τε
512 1472 566 1538 ἅμα
589 1471 635 1525 καί
654 1473 775 1524 δυνατόν·

216 1559 354 1612 ἀντίκειται
372 1560 500 1613 ἀδύνατον
519 1560 602 1629 τὸμὴ
621 1563 774 1614 καταδῦναι·

216 1649 244 1701 τὸ
267 1649 296 1702 δὲ
323 1650 482 1708 καταδύντος
510 1651 583 1718 ἡλίου
607 1652 707 1718 ὄμβρον
735 1672 775 1718 γε·

215 1738 306 1791 νίσθαι
339 1740 384 1791 καί
420 1739 458 1807 μὴ
488 1739 606 1807 γενέσθαι
638 1739 775 1807 ἀμφότερα

215 1826 311 1880 δυνατὰ
329 1829 374 1880 καὶ
388 1829 551 1896 ἐνδεχόμενα.
585 1828 670 1881 Πάλιν
683 1827 776 1881 δὲκαὶ

215 1916 257 1968 ἐπὶ
280 1925 324 1970 τοῦ
347 1918 530 1986 ἐνδεχομένου,
553 1918 581 1970 τό
603 1917 651 1985 μὲν
674 1919 711 1977 ὡς
734 1920 775 1971 ἕπί

215 2008 243 2061 τό
260 2008 339 2072 πολύ,
359 2007 387 2060 τό
408 2007 437 2062 δὲ
456 2009 493 2066 ὡς
511 2009 548 2060 ἐπ’
570 2009 681 2072 ἔλαττον,
700 2009 728 2061 τὸ
746 2009 775 2061 δὲ

215 2099 253 2159 ὡς
267 2100 364 2168 ε’πίσης,
383 2102 428 2153 καὶ
442 2100 566 2167 ὁπότερον
580 2101 679 2167 ἔτυχεν·
700 2109 774 2154 τοῦτο

213 2188 262 2256 μἐν
284 2189 398 2257 φανερόν
417 2189 454 2248 ὡς
473 2188 537 2240 αὐτὸ
555 2189 626 2256 αύτῷ
649 2189 775 2243 ἀντιτέτα-

215 2297 286 2331 κται·
311 2277 339 2330 τό
362 2277 391 2331 δὲ
414 2278 451 2336 ὡς
475 2278 515 2329 ἒπὶ
540 2277 568 2330 τό
585 2277 651 2331 πολύ
670 2280 716 2332 καί
734 2281 772 2332 ἐπ’

215 2369 317 2420 ἔλαττον
339 2367 470 2434 ἀλλήλοις·
494 2367 540 2419 καί
563 2375 641 2420 ταῦτα
663 2367 711 2434 μὲν
734 2369 775 2421 ε’πὶ

215 2465 247 2524 τῇ
265 2456 343 2523 φύσει
362 2454 390 2507 τὸ
408 2457 534 2519 πλεῖστον,
553 2456 599 2523 ἔφ’
622 2457 684 2524 ἡμῖν
702 2479 728 2510 τε
747 2457 775 2510 τὸ

214 2546 312 2613 ἐπίσης.
349 2544 383 2598 Τὸ
396 2543 445 2611 μὲν
463 2543 511 2612 γάρ
530 2545 581 2597 ύπὸ
600 2545 667 2598 κύνα
685 2555 775 2613 καῦμα

215 2635 350 2702 ἢιγύχος,
369 2633 408 2687 ὧν
426 2633 454 2685 τό
472 2633 520 2700 μὲν
538 2634 576 2693 ὡς
594 2634 635 2687 ε’πὶ
654 2635 683 2687 τό
700 2636 775 2699 πολύ,

215 2721 242 2775 τδ
256 2723 282 2775 δ’
304 2723 342 2781 ὡς
356 2722 398 2775 ἔπ’
419 2723 530 2787 ἔλαττον,
549 2731 580 2791 τῇ
594 2724 672 2791 φύσει
690 2724 774 2793 ἀμφω

214 2811 394 2864 ὑποτέτακται·
414 2811 442 2864 τὸ
462 2811 491 2864 δὲ
507 2820 656 2879 περιπατεῖν
674 2812 719 2865 καί
736 2812 773 2881 μὴ

214 2900 259 2953 καὶ
277 2901 325 2954 ὅσα
344 2909 461 2964 τοιαῦτα,
485 2899 524 2953 ὧν
542 2901 666 2968 ἑκάτερον
684 2901 725 2954 ε’πί
743 2911 775 2970 τῇ

215 2990 370 3058 ἀνθρωπίνη
381 2991 451 3058 ὁρμῇ
460 2990 637 3053 ὑποτέτακται,
652 2992 668 3042 ὅ
678 2990 711 3058 δη
726 2991 771 3059 ἐφ’

215 3079 277 3147 ἡμῖν
287 3079 332 3131 καί
343 3078 568 3147 κατὰπροαίρεσιν
578 3079 683 3147 λέγεται.
702 3083 729 3134 Γ
725 3103 774 3133 ενι-

214 3169 332 3236 κώτερον
350 3169 380 3222 δὲ
396 3169 494 3236 μᾶλλον
515 3168 543 3220 τό
561 3168 607 3236 ἐφ’
632 3169 705 3237 ἡμῖν·
726 3171 774 3223 δύο

214 3257 262 3325 γάρ
285 3259 341 3325 εἴδη
361 3259 390 3310 τό
408 3257 431 3310 τ’
452 3257 483 3310 ἐκ
497 3256 601 3316 πάθους
620 3257 665 3310 καί
684 3259 773 3325 θυμοῦ

215 3346 231 3413 ἢ
255 3346 395 3413 ἐπιθυμίας
419 3348 447 3399 τό
472 3346 495 3398 τ’
522 3347 551 3408 ἒξ
572 3347 737 3414 ἐπιλογισμοῦ
757 3347 773 3415 ἢ

214 3436 341 3498 διανοίας,
369 3437 433 3502 ὅπερ
456 3437 507 3504 ἤδη
531 3435 598 3489 κατὰ
624 3437 775 3504 προαίρεσίν

214 3545 251 3582 τις
268 3526 342 3577 εἴποι.

831 501 876 561 τῆς
899 494 1037 561 διαμέτρου
1065 495 1111 547 καὶ
1138 503 1182 563 τῆς
1204 496 1330 562 πλευρᾶς,
1353 497 1391 548 ὅτι

831 582 1008 649 ἀσύμμετροι·
1037 583 1094 634 ἀλλ’
1116 582 1178 635 οὐδὲ
1204 585 1263 651 περὶ
1287 591 1339 636 τῶν
1364 584 1391 636 ἐν

831 671 939 738 κινήσει,
954 671 994 724 ἀεί
1008 671 1038 724 δὲ
1051 670 1118 724 κατὰ
1132 671 1211 724 ταύτά
1226 671 1391 739 γιγνομένων,

831 760 877 811 εἴτ’
899 760 927 822 ἐξ
945 760 1061 829 ἀνάγκης
1079 762 1129 813 εἴτε
1151 760 1197 813 καὶ
1215 760 1293 827 φύσει
1313 759 1328 826 ἢ
1348 759 1390 812 διά

832 869 886 901 τινα
914 849 996 900 αἰτίαν
1018 849 1111 916 ἀλλην,
1139 849 1193 901 οίον
1216 855 1320 915 τροπῶν
1345 849 1390 901 καὶ

831 936 971 988 ἀνατολῶν
991 936 1054 989 οὐδὲ
1062 937 1121 1004 περὶ
1135 944 1188 990 τῶν
1197 937 1286 989 ἄλλοτε
1296 937 1390 1000 άλλως,

832 1025 1016 1092 οἷονιαύχμῶν
1039 1026 1085 1078 καὶ
1108 1028 1228 1094 ὄμβρων·
1249 1023 1310 1076 ούδὲ
1331 1024 1391 1091 περί

831 1121 884 1166 τῶν
912 1114 963 1166 ἀπὸ
986 1115 1079 1184 τύχης,
1107 1115 1162 1168 οἷον
1184 1115 1322 1182 θησαυροῦ
1347 1114 1390 1166 εὑ-

831 1202 936 1269 ρὲσεως.

898 1291 1065 1364 metaph.X,
1075 1289 1130 1364 8p.
1147 1288 1251 1352 [0641]
1263 1288 1389 1363 30sqq.:

825 1381 882 1434 Ὅτι
910 1381 936 1434 δ’
966 1382 1024 1434 οὐδ’
1046 1383 1214 1449 ἐνδεχόμενόν
1241 1382 1308 1433 ε’στιν
1326 1380 1390 1433 εἶναι

831 1477 875 1522 τοῦ
903 1472 1101 1539 συμβεβηκότος
1126 1471 1268 1538 ἐπιστήμην
1274 1512 1281 1534 ,
1309 1491 1389 1538 φανε-

831 1560 878 1626 ρόν
905 1562 974 1613 ἔσται
1001 1563 1163 1630 πειραθεῖσιν
1191 1563 1254 1614 ἰδεῖν
1281 1563 1306 1613 τί
1328 1560 1387 1612 ποτ’

830 1651 882 1703 ἐστὶ
910 1651 937 1704 τδ
956 1655 1133 1722 συμβεβηκός.
1161 1655 1221 1707 Πᾶν
1243 1653 1277 1721 δὴ
1303 1674 1390 1721 φαμεν

830 1739 894 1794 εἶναι
914 1740 942 1793 τό
959 1741 1007 1808 μὲν
1021 1742 1061 1794 ἀεί
1079 1743 1124 1794 καί
1143 1743 1172 1804 ἐξ
1190 1743 1305 1810 ἀνάγκης
1321 1782 1389 1805 ....,

831 1829 858 1881 τό
877 1831 903 1882 δ’
921 1831 958 1888 ὡς
976 1830 1059 1882 ε’πὶτὸ
1077 1831 1152 1894 πολύ,
1173 1831 1200 1882 τό
1219 1832 1246 1883 δ’
1268 1832 1330 1884 οὔθ’
1352 1831 1389 1888 ὡς

830 1918 871 1970 ε’πὶ
890 1919 918 1970 τό
932 1918 998 1972 πολύ
1017 1920 1073 1972 οὔτ’
1095 1920 1135 1972 ἀεὶ
1154 1920 1199 1972 καὶ
1218 1920 1247 1982 ἐξ
1264 1919 1389 1988 ἀνάγκης,

829 2007 885 2059 ἀλλ’
911 2010 983 2067 ὅπως
1006 2010 1105 2077 ἔτυχεν·
1130 2010 1185 2063 οἷον
1207 2010 1248 2062 ε’πὶ
1271 2009 1330 2062 κυνὶ
1349 2008 1388 2076 γε’-

829 2103 892 2155 νοιτ’
914 2103 945 2155 ἀν
963 2112 1064 2172 ψῦχος,
1086 2103 1150 2157 ἀλλὰ
1176 2105 1245 2157 τοῦτ’
1267 2105 1329 2157 οὔθ’
1351 2105 1389 2163 ὡς

829 2192 868 2244 ἀεὶ
891 2194 936 2244 καί
959 2193 988 2255 ἐξ
1010 2193 1125 2261 ἀνάγκης
1148 2194 1211 2246 οὔθ’
1237 2194 1274 2252 ὡς
1297 2194 1338 2246 ἐπὶ
1361 2194 1389 2246 τὸ

828 2281 894 2334 πολὺ
920 2284 1041 2349 γίγνεται,
1066 2285 1182 2352 συμβαίη
1208 2282 1237 2335 δὲ
1260 2283 1319 2334 ποτ’
1348 2283 1387 2334 ἀν.

831 2369 878 2442 (cf.
902 2369 985 2443 phys.
1009 2371 1047 2439 Π,
1073 2368 1092 2429 8
1116 2388 1145 2442 p.
1175 2368 1387 2442 199alsqq.).

895 2991 951 3049 eth.
968 2991 1005 3048 ad
1015 2990 1124 3048 Nicom.
1139 2991 1184 3048 ΙΙΙ
1198 2988 1386 3063 4p.1111b

829 3079 870 3141 29
882 3097 942 3154 Sq.:
958 3083 1026 3140 όλως
1040 3081 1089 3150 γὰρ
1104 3083 1188 3134 ἔοικεν
1207 3082 1223 3149 ἡ
1238 3084 1387 3149 προαίρεσις

827 3172 886 3239 περὶ
905 3171 935 3224 τὰ
954 3170 999 3239 εἰμ’
1021 3171 1082 3239 ἡμῖν
1100 3170 1172 3223 εἶναι.

894 3258 962 3316 ibid.
986 3276 1015 3331 p.
1045 3256 1150 3317 lll2a
1179 3255 1309 3330 l5sq.r?
1338 3258 1386 3326 γάρ

827 3351 976 3417 προαίρεσις
994 3349 1058 3416 μετὰ
1076 3350 1154 3417 λόγου
1173 3349 1218 3402 καὶ
1236 3351 1359 3407 διανοίας.

303 3667 336 3723 ln
354 3666 398 3722 his
418 3666 502 3723 rebus
522 3666 729 3741 investigandis
748 3668 815 3725 felix
829 3668 972 3725 inventum
991 3687 1034 3725 1110
1055 3669 1149 3726 docuit
1163 3668 1296 3725 maiorem
1320 3686 1386 3740 par-

212 3758 269 3814 tem
293 3773 356 3828 cap.
383 3753 400 3815 7
426 3774 459 3812 ex
481 3756 645 3814 Aristotelis
669 3756 777 3831 physic.
802 3756 874 3815 libro
898 3759 927 3814 ΙΙ
950 3760 1098 3815 consutam
1123 3776 1193 3815 esse.

302 3881 335 3938 de
377 3882 436 3938 fato
476 3879 504 3941 7.
547 3883 616 3950 Περὶ
657 3882 687 3936 δὲ
728 3891 772 3951 τῆς

214 3973 294 4040 τύχης
312 3972 357 4025 καὶ
381 3981 425 4026 τοῦ
454 3973 613 4039 αὐτομάτου,
632 3974 677 4026 καὶ
700 3976 728 4026 εἴ
750 3995 772 4026 τι

211 4060 282 4128 παρὰ
310 4069 389 4115 ταῦτα
408 4063 559 4129 θεωρεῖται,
582 4070 629 4116 νῦν
652 4064 713 4131 ἡμῖν
731 4065 772 4116 λε-

212 4150 295 4202 κτέον.
332 4151 421 4204 Αἴτιον
438 4150 486 4217 μὲν
504 4151 573 4219 δὴὴ
599 4153 673 4220 τύχη.
714 4154 773 4206 Τῶν

213 4237 239 4289 δ’
269 4239 358 4290 αἰτίων
382 4239 411 4291 τὰ
438 4239 487 4307 μὲν
512 4242 578 4294 καθ’
601 4241 666 4294 αύτά
690 4240 719 4293 τά
744 4241 773 4294 δὲ

214 4325 281 4378 κατὰ
313 4329 494 4396 συμβεβηκός·
534 4330 601 4392 οίσν,
638 4331 723 4388 οἰκίας
755 4331 771 4398 ἢ

212 4415 280 4473 νεὼς
307 4416 374 4469 καθ’
405 4416 468 4469 αὑτό
494 4416 542 4485 μὲν
567 4421 647 4471 αἴτιον
679 4419 707 4471 τὸ
734 4421 771 4472 σι’-

212 4505 360 4572 κοδομικδν
387 4506 432 4559 καί
456 4506 484 4559 τὸ
511 4509 683 4575 ναυπηγικόν·
703 4508 771 4562 κατὰ

893 3883 975 3956 phys.
1009 3883 1046 3939 II.
1082 3879 1112 3941 4.
1146 3901 1174 3955 p.
1210 3877 1291 3942 195b
1328 3879 1385 3941 31:

826 3975 935 4042 Λέγεται
954 3974 1046 4026 δὲκαὶ
1069 3974 1085 4041 ἡ
1110 3975 1175 4042 τύχη
1199 3974 1244 4026 καὶ
1263 3973 1291 4026 τύ
1310 3974 1386 4026 αύτό-

825 4085 907 4131 ματον
925 4071 978 4116 τῶν
996 4064 1086 4116 αἰτίων
1104 4065 1158 4115 κτλ.

892 4151 961 4208 ibid.
1000 4149 1030 4211 5.
1072 4170 1100 4223 p.
1142 4145 1222 4211 196¹>
1251 4150 1290 4211 21
1308 4169 1385 4224 sqq.:

821 4245 892 4296 Ἔστι
907 4243 933 4295 δ’
950 4243 1026 4295 ἕνεκά
1042 4263 1085 4295 του
1100 4244 1148 4295 ὅσα
1162 4263 1188 4293 τε
1207 4242 1258 4294 ἀπὸ
1273 4244 1386 4301 διανοίας

826 4331 858 4383 ἀν
882 4333 1014 4399 πραχθείη
1043 4332 1088 4383 καὶ
1116 4334 1164 4385 ὅσα
1191 4331 1243 4384 ἀπὸ
1271 4333 1385 4400 φύσεως.

829 4419 865 4473 Τὰ
880 4420 913 4489 δὴ
928 4429 1041 4485 τοιαῦτα,
1060 4422 1120 4473 όταν
1134 4420 1201 4474 κατὰ
1217 4421 1386 4490 συμβεβηκός

824 4509 935 4578 γε’νηται,
949 4510 1000 4562 ἀπὸ
1010 4510 1090 4578 τύχης
1104 4511 1191 4578 φαμὲν
1204 4511 1279 4564 εἶναι·
1296 4513 1385 4579 ὥσπερ

1189 4608 1225 4663 3*
