<?xml version="1.0" encoding="UTF-8"?>
<!DOCTYPE html PUBLIC "-//W3C//DTD XHTML 1.0 Transitional//EN"
    "http://www.w3.org/TR/xhtml1/DTD/xhtml1-transitional.dtd">
<html xmlns="http://www.w3.org/1999/xhtml" xml:lang="en" lang="en">
 <head>
  <title>
</title>
<meta http-equiv="Content-Type" content="text/html;charset=utf-8" />
  <meta name='ocr-system' content='tesseract 3.04.00' />
  <meta name='ocr-capabilities' content='ocr_page ocr_carea ocr_par ocr_line ocrx_word'/>
</head>
<body>
  <div class='ocr_page' id='page_1' title='image "./deplutarchisent00schmgoog_0034.png"; bbox 0 0 3210 5010; ppageno 0'>
   <div class='ocr_carea' id='block_1_1' title="bbox 688 321 910 381">
    <p class='ocr_par' dir='ltr' id='par_1_1' title="bbox 688 321 910 381">
     <span class='ocr_line' id='line_1_1' title="bbox 688 321 910 381; baseline 0 -18"><span class='ocrx_word' id='word_1_1' title='bbox 688 321 910 381; x_wconf 70' lang='lat'><strong>..29-</strong></span> 
     </span>
    </p>
   </div>
   <div class='ocr_carea' id='block_1_2' title="bbox 211 499 1387 2976">
    <p class='ocr_par' dir='ltr' id='par_1_2' title="bbox 211 499 1387 2976">
     <span class='ocr_line' id='line_1_2' title="bbox 211 499 1386 569; baseline 0 -12"><span class='ocrx_word' id='word_1_2' title='bbox 211 501 258 558; x_wconf 93' lang='lat' dir='ltr'><strong>ille</strong></span> <span class='ocrx_word' id='word_1_3' title='bbox 281 501 395 559; x_wconf 91' lang='lat' dir='ltr'><strong>libellus</strong></span> <span class='ocrx_word' id='word_1_4' title='bbox 419 500 516 557; x_wconf 90' lang='lat' dir='ltr'><strong>eximie</strong></span> <span class='ocrx_word' id='word_1_5' title='bbox 540 500 700 569; x_wconf 88' lang='lat' dir='ltr'><strong>adiuvaret,</strong></span> <span class='ocrx_word' id='word_1_6' title='bbox 730 499 787 557; x_wconf 91' lang='lat' dir='ltr'><strong>nisi</strong></span> <span class='ocrx_word' id='word_1_7' title='bbox 810 499 965 557; x_wconf 80' lang='lat' dir='ltr'><strong>doctissimi</strong></span> <span class='ocrx_word' id='word_1_8' title='bbox 989 499 1041 556; x_wconf 88' lang='lat' dir='ltr'><strong>viri</strong></span> <span class='ocrx_word' id='word_1_9' title='bbox 1065 517 1127 557; x_wconf 93' lang='lat' dir='ltr'><strong>eum</strong></span> <span class='ocrx_word' id='word_1_10' title='bbox 1151 518 1168 556; x_wconf 90' lang='lat' dir='ltr'><strong>a</strong></span> <span class='ocrx_word' id='word_1_11' title='bbox 1192 501 1386 559; x_wconf 79' lang='lat' dir='ltr'><strong>Chaeronense</strong></span> 
     </span>
     <span class='ocr_line' id='line_1_3' title="bbox 211 588 1386 664; baseline 0 -17"><span class='ocrx_word' id='word_1_12' title='bbox 211 590 389 664; x_wconf 88' lang='lat' dir='ltr'><strong>gravissimis</strong></span> <span class='ocrx_word' id='word_1_13' title='bbox 413 589 446 646; x_wconf 92' lang='lat' dir='ltr'><strong>de</strong></span> <span class='ocrx_word' id='word_1_14' title='bbox 470 590 564 646; x_wconf 89' lang='lat' dir='ltr'><strong>causis</strong></span> <span class='ocrx_word' id='word_1_15' title='bbox 588 589 810 647; x_wconf 90' lang='lat' dir='ltr'><strong>abiudicassent.</strong></span> <span class='ocrx_word' id='word_1_16' title='bbox 853 590 912 646; x_wconf 93' lang='lat' dir='ltr'><strong>Iam</strong></span> <span class='ocrx_word' id='word_1_17' title='bbox 928 588 1098 658; x_wconf 84' lang='lat' dir='ltr'>Volkmann,</span> <span class='ocrx_word' id='word_1_18' title='bbox 1124 606 1187 646; x_wconf 89' lang='lat' dir='ltr'><strong>cum</strong></span> <span class='ocrx_word' id='word_1_19' title='bbox 1210 590 1386 662; x_wconf 75' lang='lat' dir='ltr'><strong>intellegeret</strong></span> 
     </span>
     <span class='ocr_line' id='line_1_4' title="bbox 212 678 1385 751; baseline 0.001 -16"><span class='ocrx_word' id='word_1_20' title='bbox 212 682 240 736; x_wconf 91' lang='lat' dir='ltr'><strong>et</strong></span> <span class='ocrx_word' id='word_1_21' title='bbox 272 679 447 737; x_wconf 75' lang='lat' dir='ltr'><strong>subtiliorem</strong></span> <span class='ocrx_word' id='word_1_22' title='bbox 479 679 620 751; x_wconf 91' lang='lat' dir='ltr'><strong>quandam</strong></span> <span class='ocrx_word' id='word_1_23' title='bbox 653 678 871 751; x_wconf 89' lang='lat' dir='ltr'><strong>argumentandi</strong></span> <span class='ocrx_word' id='word_1_24' title='bbox 903 678 1040 735; x_wconf 92' lang='lat' dir='ltr'><strong>rationem</strong></span> <span class='ocrx_word' id='word_1_25' title='bbox 1068 680 1096 735; x_wconf 93' lang='lat' dir='ltr'><strong>et</strong></span> <span class='ocrx_word' id='word_1_26' title='bbox 1123 678 1217 750; x_wconf 91' lang='lat' dir='ltr'><strong>ipsum</strong></span> <span class='ocrx_word' id='word_1_27' title='bbox 1245 679 1385 736; x_wconf 90' lang='lat' dir='ltr'><strong>scribendi</strong></span> 
     </span>
     <span class='ocr_line' id='line_1_5' title="bbox 212 767 1386 841; baseline 0 -17"><span class='ocrx_word' id='word_1_28' title='bbox 212 785 302 841; x_wconf 88' lang='lat' dir='ltr'><strong>genus</strong></span> <span class='ocrx_word' id='word_1_29' title='bbox 335 767 527 825; x_wconf 89' lang='lat' dir='ltr'><strong>aPlutarcho</strong></span> <span class='ocrx_word' id='word_1_30' title='bbox 560 785 642 839; x_wconf 90' lang='lat' dir='ltr'><strong>quem</strong></span> <span class='ocrx_word' id='word_1_31' title='bbox 675 767 786 839; x_wconf 89' lang='lat' dir='ltr'><strong>quidem</strong></span> <span class='ocrx_word' id='word_1_32' title='bbox 818 767 947 824; x_wconf 89' lang='lat' dir='ltr'><strong>novimus</strong></span> <span class='ocrx_word' id='word_1_33' title='bbox 975 785 1060 840; x_wconf 91' lang='lat' dir='ltr'><strong>quam</strong></span> <span class='ocrx_word' id='word_1_34' title='bbox 1089 767 1206 824; x_wconf 83' lang='lat' dir='ltr'><strong>maxime</strong></span> <span class='ocrx_word' id='word_1_35' title='bbox 1237 768 1386 825; x_wconf 90' lang='lat' dir='ltr'><strong>abhorrere</strong></span> 
     </span>
     <span class='ocr_line' id='line_1_6' title="bbox 212 851 1387 930; baseline 0.001 -17"><span class='ocrx_word' id='word_1_36' title='bbox 212 874 301 929; x_wconf 91' lang='lat' dir='ltr'><strong>neque</strong></span> <span class='ocrx_word' id='word_1_37' title='bbox 316 857 405 914; x_wconf 87' lang='lat' dir='ltr'><strong>eidem</strong></span> <span class='ocrx_word' id='word_1_38' title='bbox 420 851 662 928; x_wconf 87' lang='lat' dir='ltr'><strong>adulescentulo¹)</strong></span> <span class='ocrx_word' id='word_1_39' title='bbox 678 856 783 914; x_wconf 81' lang='lat' dir='ltr'><strong>ascribi</strong></span> <span class='ocrx_word' id='word_1_40' title='bbox 806 873 903 929; x_wconf 92' lang='lat' dir='ltr'><strong>posse,</strong></span> <span class='ocrx_word' id='word_1_41' title='bbox 928 857 1078 913; x_wconf 90' lang='lat' dir='ltr'><strong>Bensolero</strong></span> <span class='ocrx_word' id='word_1_42' title='bbox 1099 856 1163 913; x_wconf 90' lang='lat' dir='ltr'><strong>huic</strong></span> <span class='ocrx_word' id='word_1_43' title='bbox 1186 857 1257 914; x_wconf 90' lang='lat' dir='ltr'><strong>libro</strong></span> <span class='ocrx_word' id='word_1_44' title='bbox 1272 858 1387 930; x_wconf 91' lang='lat' dir='ltr'><strong>propter</strong></span> 
     </span>
     <span class='ocr_line' id='line_1_7' title="bbox 212 945 1386 1019; baseline 0.001 -17"><span class='ocrx_word' id='word_1_45' title='bbox 212 946 299 1019; x_wconf 87' lang='lat' dir='ltr'><strong>leges,</strong></span> <span class='ocrx_word' id='word_1_46' title='bbox 325 963 396 1018; x_wconf 89' lang='lat' dir='ltr'><strong>quas</strong></span> <span class='ocrx_word' id='word_1_47' title='bbox 420 947 534 1003; x_wconf 90' lang='lat' dir='ltr'><strong>secutus</strong></span> <span class='ocrx_word' id='word_1_48' title='bbox 558 947 601 1002; x_wconf 90' lang='lat' dir='ltr'><strong>est</strong></span> <span class='ocrx_word' id='word_1_49' title='bbox 616 945 785 1002; x_wconf 81' lang='lat' dir='ltr'><strong>Plutarchus</strong></span> <span class='ocrx_word' id='word_1_50' title='bbox 808 945 835 1001; x_wconf 92' lang='lat' dir='ltr'><strong>in</strong></span> <span class='ocrx_word' id='word_1_51' title='bbox 861 945 992 1002; x_wconf 89' lang='lat' dir='ltr'><strong>evitando</strong></span> <span class='ocrx_word' id='word_1_52' title='bbox 1007 945 1095 1013; x_wconf 88' lang='lat' dir='ltr'><strong>hiatu,</strong></span> <span class='ocrx_word' id='word_1_53' title='bbox 1120 948 1217 1017; x_wconf 87' lang='lat' dir='ltr'><strong>aperte</strong></span> <span class='ocrx_word' id='word_1_54' title='bbox 1241 946 1386 1019; x_wconf 88' lang='lat' dir='ltr'><strong>neglectas</strong></span> 
     </span>
     <span class='ocr_line' id='line_1_8' title="bbox 213 1027 1386 1108; baseline 0.003 -18"><span class='ocrx_word' id='word_1_55' title='bbox 213 1034 296 1091; x_wconf 89' lang='lat' dir='ltr'><strong>fidem</strong></span> <span class='ocrx_word' id='word_1_56' title='bbox 320 1034 467 1108; x_wconf 80' lang='lat' dir='ltr'><strong>deroganti</strong></span> <span class='ocrx_word' id='word_1_57' title='bbox 496 1034 689 1107; x_wconf 87' lang='lat' dir='ltr'><strong>adstipulatus</strong></span> <span class='ocrx_word' id='word_1_58' title='bbox 719 1036 763 1092; x_wconf 91' lang='lat' dir='ltr'><strong>est</strong></span> <span class='ocrx_word' id='word_1_59' title='bbox 771 1027 806 1107; x_wconf 64' lang='lat'><strong>2).</strong></span> <span class='ocrx_word' id='word_1_60' title='bbox 853 1033 926 1091; x_wconf 87' lang='lat' dir='ltr'><strong>Nolo</strong></span> <span class='ocrx_word' id='word_1_61' title='bbox 954 1051 1102 1107; x_wconf 87' lang='lat' dir='ltr'><strong>recoquere</strong></span> <span class='ocrx_word' id='word_1_62' title='bbox 1126 1052 1198 1107; x_wconf 90' lang='lat' dir='ltr'><strong>quae</strong></span> <span class='ocrx_word' id='word_1_63' title='bbox 1221 1034 1264 1092; x_wconf 89' lang='lat' dir='ltr'><strong>vir</strong></span> <span class='ocrx_word' id='word_1_64' title='bbox 1287 1036 1386 1093; x_wconf 87' lang='lat' dir='ltr'><strong>doctus</strong></span> 
     </span>
     <span class='ocr_line' id='line_1_9' title="bbox 213 1123 1385 1197; baseline 0.001 -17"><span class='ocrx_word' id='word_1_65' title='bbox 213 1124 242 1180; x_wconf 93' lang='lat' dir='ltr'><strong>in</strong></span> <span class='ocrx_word' id='word_1_66' title='bbox 256 1124 418 1181; x_wconf 86' lang='lat' dir='ltr'><strong>universum</strong></span> <span class='ocrx_word' id='word_1_67' title='bbox 441 1126 514 1181; x_wconf 87' lang='lat' dir='ltr'><strong>recte</strong></span> <span class='ocrx_word' id='word_1_68' title='bbox 536 1123 698 1196; x_wconf 89' lang='lat' dir='ltr'><strong>disputasse</strong></span> <span class='ocrx_word' id='word_1_69' title='bbox 722 1123 789 1180; x_wconf 92' lang='lat' dir='ltr'><strong>mihi</strong></span> <span class='ocrx_word' id='word_1_70' title='bbox 812 1123 937 1192; x_wconf 67' lang='lat' dir='ltr'><strong>videtum</strong></span> <span class='ocrx_word' id='word_1_71' title='bbox 961 1123 1013 1180; x_wconf 91' lang='lat' dir='ltr'><strong>hoc</strong></span> <span class='ocrx_word' id='word_1_72' title='bbox 1036 1139 1122 1180; x_wconf 90' lang='lat' dir='ltr'><strong>unum</strong></span> <span class='ocrx_word' id='word_1_73' title='bbox 1142 1123 1287 1194; x_wconf 83' lang='lat' dir='ltr'><strong>admoneo,</strong></span> <span class='ocrx_word' id='word_1_74' title='bbox 1312 1125 1385 1197; x_wconf 91' lang='lat' dir='ltr'><strong>quod</strong></span> 
     </span>
     <span class='ocr_line' id='line_1_10' title="bbox 213 1211 1386 1286; baseline 0.002 -17"><span class='ocrx_word' id='word_1_75' title='bbox 213 1230 317 1286; x_wconf 90' lang='lat' dir='ltr'><strong>negare</strong></span> <span class='ocrx_word' id='word_1_76' title='bbox 337 1230 393 1270; x_wconf 90' lang='lat' dir='ltr'><strong>non</strong></span> <span class='ocrx_word' id='word_1_77' title='bbox 420 1230 507 1270; x_wconf 91' lang='lat' dir='ltr'><strong>ausus</strong></span> <span class='ocrx_word' id='word_1_78' title='bbox 532 1215 576 1270; x_wconf 90' lang='lat' dir='ltr'><strong>est</strong></span> <span class='ocrx_word' id='word_1_79' title='bbox 599 1212 755 1270; x_wconf 86' lang='lat' dir='ltr'><strong>doctrinam</strong></span> <span class='ocrx_word' id='word_1_80' title='bbox 778 1229 850 1284; x_wconf 92' lang='lat' dir='ltr'><strong>quae</strong></span> <span class='ocrx_word' id='word_1_81' title='bbox 873 1211 969 1269; x_wconf 91' lang='lat' dir='ltr'><strong>libello</strong></span> <span class='ocrx_word' id='word_1_82' title='bbox 993 1213 1171 1270; x_wconf 88' lang='lat' dir='ltr'><strong>contineatur</strong></span> <span class='ocrx_word' id='word_1_83' title='bbox 1189 1213 1386 1284; x_wconf 86' lang='lat' dir='ltr'><strong>Peripateticis</strong></span> 
     </span>
     <span class='ocr_line' id='line_1_11' title="bbox 212 1301 1386 1374; baseline 0.001 -16"><span class='ocrx_word' id='word_1_84' title='bbox 212 1301 340 1359; x_wconf 89' lang='lat' dir='ltr'><strong>formulis</strong></span> <span class='ocrx_word' id='word_1_85' title='bbox 360 1301 529 1373; x_wconf 91' lang='lat' dir='ltr'><strong>quibusdam</strong></span> <span class='ocrx_word' id='word_1_86' title='bbox 553 1302 676 1374; x_wconf 90' lang='lat' dir='ltr'><strong>exceptis</strong></span> <span class='ocrx_word' id='word_1_87' title='bbox 700 1301 804 1373; x_wconf 90' lang='lat' dir='ltr'><strong>optime</strong></span> <span class='ocrx_word' id='word_1_88' title='bbox 828 1301 972 1358; x_wconf 86' lang='lat' dir='ltr'><strong>concinere</strong></span> <span class='ocrx_word' id='word_1_89' title='bbox 996 1319 1058 1358; x_wconf 91' lang='lat' dir='ltr'><strong>cum</strong></span> <span class='ocrx_word' id='word_1_90' title='bbox 1083 1301 1278 1374; x_wconf 84' lang='lat' dir='ltr'><strong>philosophiae</strong></span> <span class='ocrx_word' id='word_1_91' title='bbox 1302 1319 1386 1374; x_wconf 92' lang='lat' dir='ltr'><strong>quam</strong></span> 
     </span>
     <span class='ocr_line' id='line_1_12' title="bbox 213 1390 1385 1463; baseline 0.002 -17"><span class='ocrx_word' id='word_1_92' title='bbox 213 1390 383 1449; x_wconf 91' lang='lat' dir='ltr'><strong>Plutarchus</strong></span> <span class='ocrx_word' id='word_1_93' title='bbox 397 1390 497 1448; x_wconf 88' lang='lat' dir='ltr'><strong>foverit</strong></span> <span class='ocrx_word' id='word_1_94' title='bbox 511 1393 538 1449; x_wconf 86' lang='lat' dir='ltr'><strong>et</strong></span> <span class='ocrx_word' id='word_1_95' title='bbox 553 1391 713 1463; x_wconf 82' lang='lat' dir='ltr'><strong>cognitione</strong></span> <span class='ocrx_word' id='word_1_96' title='bbox 728 1393 756 1448; x_wconf 90' lang='lat' dir='ltr'><strong>et</strong></span> <span class='ocrx_word' id='word_1_97' title='bbox 779 1391 882 1448; x_wconf 91' lang='lat' dir='ltr'><strong>studio.</strong></span> <span class='ocrx_word' id='word_1_98' title='bbox 920 1391 1026 1447; x_wconf 86' lang='lat' dir='ltr'><strong>Eadem</strong></span> <span class='ocrx_word' id='word_1_99' title='bbox 1049 1392 1262 1463; x_wconf 88' lang='lat' dir='ltr'><strong>praeceptorum</strong></span> <span class='ocrx_word' id='word_1_100' title='bbox 1286 1391 1385 1448; x_wconf 90' lang='lat' dir='ltr'><strong>simili·</strong></span> 
     </span>
     <span class='ocr_line' id='line_1_13' title="bbox 212 1472 1386 1552; baseline 0 -16"><span class='ocrx_word' id='word_1_101' title='bbox 212 1480 309 1537; x_wconf 91' lang='lat' dir='ltr'><strong>tudine</strong></span> <span class='ocrx_word' id='word_1_102' title='bbox 325 1479 415 1536; x_wconf 91' lang='lat' dir='ltr'><strong>Zeller</strong></span> <span class='ocrx_word' id='word_1_103' title='bbox 434 1481 489 1551; x_wconf 82' lang='lat' dir='ltr'><strong>(Ill</strong></span> <span class='ocrx_word' id='word_1_104' title='bbox 501 1472 578 1552; x_wconf 66' lang='lat'><strong>2⁸1).</strong></span> <span class='ocrx_word' id='word_1_105' title='bbox 597 1477 671 1551; x_wconf 78' lang='lat'><strong>179)</strong></span> <span class='ocrx_word' id='word_1_106' title='bbox 691 1480 732 1537; x_wconf 91' lang='lat' dir='ltr'><strong>ita</strong></span> <span class='ocrx_word' id='word_1_107' title='bbox 747 1480 881 1552; x_wconf 89' lang='lat' dir='ltr'><strong>deceptus</strong></span> <span class='ocrx_word' id='word_1_108' title='bbox 896 1481 949 1548; x_wconf 90' lang='lat' dir='ltr'><strong>est,</strong></span> <span class='ocrx_word' id='word_1_109' title='bbox 972 1481 1005 1537; x_wconf 93' lang='lat' dir='ltr'><strong>ut</strong></span> <span class='ocrx_word' id='word_1_110' title='bbox 1019 1479 1101 1537; x_wconf 93' lang='lat' dir='ltr'><strong>huius</strong></span> <span class='ocrx_word' id='word_1_111' title='bbox 1125 1480 1213 1536; x_wconf 84' lang='lat' dir='ltr'><strong>libelli</strong></span> <span class='ocrx_word' id='word_1_112' title='bbox 1236 1497 1386 1552; x_wconf 91' lang='lat' dir='ltr'><strong>argumen-</strong></span> 
     </span>
     <span class='ocr_line' id='line_1_14' title="bbox 212 1568 1387 1641; baseline 0.001 -16"><span class='ocrx_word' id='word_1_113' title='bbox 212 1569 362 1638; x_wconf 87' lang='lat' dir='ltr'><strong>tationem,</strong></span> <span class='ocrx_word' id='word_1_114' title='bbox 396 1568 479 1641; x_wconf 88' lang='lat' dir='ltr'><strong>quasi</strong></span> <span class='ocrx_word' id='word_1_115' title='bbox 512 1568 550 1626; x_wconf 89' lang='lat' dir='ltr'><strong>sit</strong></span> <span class='ocrx_word' id='word_1_116' title='bbox 579 1569 764 1626; x_wconf 89' lang='lat' dir='ltr'><strong>Plutarcheae</strong></span> <span class='ocrx_word' id='word_1_117' title='bbox 797 1568 941 1627; x_wconf 90' lang='lat' dir='ltr'><strong>doctrinae</strong></span> <span class='ocrx_word' id='word_1_118' title='bbox 974 1568 1181 1627; x_wconf 88' lang='lat' dir='ltr'><strong>sincerissimus</strong></span> <span class='ocrx_word' id='word_1_119' title='bbox 1213 1569 1290 1638; x_wconf 85' lang='lat' dir='ltr'><strong>fons,</strong></span> <span class='ocrx_word' id='word_1_120' title='bbox 1325 1586 1387 1626; x_wconf 90' lang='lat' dir='ltr'><strong>cum</strong></span> 
     </span>
     <span class='ocr_line' id='line_1_15' title="bbox 213 1657 1386 1731; baseline 0.001 -17"><span class='ocrx_word' id='word_1_121' title='bbox 213 1657 398 1731; x_wconf 89' lang='lat' dir='ltr'><strong>genuinorum</strong></span> <span class='ocrx_word' id='word_1_122' title='bbox 421 1657 555 1715; x_wconf 92' lang='lat' dir='ltr'><strong>librorum</strong></span> <span class='ocrx_word' id='word_1_123' title='bbox 580 1657 754 1731; x_wconf 87' lang='lat' dir='ltr'><strong>argumentis</strong></span> <span class='ocrx_word' id='word_1_124' title='bbox 778 1657 807 1714; x_wconf 92' lang='lat' dir='ltr'><strong>in</strong></span> <span class='ocrx_word' id='word_1_125' title='bbox 830 1674 916 1714; x_wconf 92' lang='lat' dir='ltr'><strong>unam</strong></span> <span class='ocrx_word' id='word_1_126' title='bbox 938 1658 1026 1714; x_wconf 90' lang='lat' dir='ltr'><strong>telam</strong></span> <span class='ocrx_word' id='word_1_127' title='bbox 1050 1657 1218 1715; x_wconf 89' lang='lat' dir='ltr'><strong>conexuerit.</strong></span> <span class='ocrx_word' id='word_1_128' title='bbox 1267 1658 1320 1715; x_wconf 88' lang='lat' dir='ltr'><strong>Sed</strong></span> <span class='ocrx_word' id='word_1_129' title='bbox 1344 1659 1386 1715; x_wconf 91' lang='lat' dir='ltr'><strong>in-</strong></span> 
     </span>
     <span class='ocr_line' id='line_1_16' title="bbox 214 1740 1387 1820; baseline 0.002 -18"><span class='ocrx_word' id='word_1_130' title='bbox 214 1749 377 1804; x_wconf 90' lang='lat' dir='ltr'><strong>constanter</strong></span> <span class='ocrx_word' id='word_1_131' title='bbox 400 1746 458 1820; x_wconf 88' lang='lat' dir='ltr'><strong>egit</strong></span> <span class='ocrx_word' id='word_1_132' title='bbox 481 1746 524 1803; x_wconf 84' lang='lat' dir='ltr'><strong>vir</strong></span> <span class='ocrx_word' id='word_1_133' title='bbox 547 1746 737 1816; x_wconf 71' lang='lat' dir='ltr'><strong>doctissimus</strong></span> <span class='ocrx_word' id='word_1_134' title='bbox 762 1747 810 1818; x_wconf 91' lang='lat' dir='ltr'><strong>qui</strong></span> <span class='ocrx_word' id='word_1_135' title='bbox 835 1747 865 1819; x_wconf 82' lang='lat' dir='ltr'><strong>(l.</strong></span> <span class='ocrx_word' id='word_1_136' title='bbox 882 1746 901 1803; x_wconf 93' lang='lat' dir='ltr'><strong>l.</strong></span> <span class='ocrx_word' id='word_1_137' title='bbox 926 1764 954 1818; x_wconf 91' lang='lat' dir='ltr'><strong>p.</strong></span> <span class='ocrx_word' id='word_1_138' title='bbox 975 1740 1066 1819; x_wconf 74' lang='lat'><strong>1622)</strong></span> <span class='ocrx_word' id='word_1_139' title='bbox 1092 1747 1262 1804; x_wconf 85' lang='lat' dir='ltr'><strong>Volkmanni</strong></span> <span class='ocrx_word' id='word_1_140' title='bbox 1284 1747 1387 1804; x_wconf 90' lang='lat' dir='ltr'><strong>iudicio</strong></span> 
     </span>
     <span class='ocr_line' id='line_1_17' title="bbox 214 1833 1386 1908; baseline 0.001 -16"><span class='ocrx_word' id='word_1_141' title='bbox 214 1836 396 1908; x_wconf 93' lang='lat' dir='ltr'><strong>comprobato</strong></span> <span class='ocrx_word' id='word_1_142' title='bbox 420 1835 571 1908; x_wconf 88' lang='lat' dir='ltr'><strong>abrogavit</strong></span> <span class='ocrx_word' id='word_1_143' title='bbox 593 1836 666 1892; x_wconf 89' lang='lat' dir='ltr'><strong>libro</strong></span> <span class='ocrx_word' id='word_1_144' title='bbox 690 1835 782 1893; x_wconf 90' lang='lat' dir='ltr'><strong>fidem.</strong></span> <span class='ocrx_word' id='word_1_145' title='bbox 821 1833 918 1908; x_wconf 88' lang='lat' dir='ltr'><strong>Neque</strong></span> <span class='ocrx_word' id='word_1_146' title='bbox 942 1835 991 1892; x_wconf 89' lang='lat' dir='ltr'><strong>alii</strong></span> <span class='ocrx_word' id='word_1_147' title='bbox 1015 1835 1126 1892; x_wconf 86' lang='lat' dir='ltr'><strong>defuere</strong></span> <span class='ocrx_word' id='word_1_148' title='bbox 1150 1836 1197 1908; x_wconf 91' lang='lat' dir='ltr'><strong>qui</strong></span> <span class='ocrx_word' id='word_1_149' title='bbox 1221 1836 1386 1908; x_wconf 90' lang='lat' dir='ltr'><strong>opusculum</strong></span> 
     </span>
     <span class='ocr_line' id='line_1_18' title="bbox 214 1917 1387 1997; baseline -0.001 -17"><span class='ocrx_word' id='word_1_150' title='bbox 214 1942 231 1980; x_wconf 92' lang='lat' dir='ltr'><strong>a</strong></span> <span class='ocrx_word' id='word_1_151' title='bbox 254 1925 407 1982; x_wconf 91' lang='lat' dir='ltr'><strong>Plutarcho</strong></span> <span class='ocrx_word' id='word_1_152' title='bbox 432 1925 629 1982; x_wconf 91' lang='lat' dir='ltr'><strong>abiudicarint.</strong></span> <span class='ocrx_word' id='word_1_153' title='bbox 677 1923 750 1981; x_wconf 88' lang='lat' dir='ltr'><strong>Nam</strong></span> <span class='ocrx_word' id='word_1_154' title='bbox 775 1941 837 1982; x_wconf 92' lang='lat' dir='ltr'><strong>cum</strong></span> <span class='ocrx_word' id='word_1_155' title='bbox 861 1917 968 1993; x_wconf 60' lang='lat' dir='ltr'><strong>Fuhrss)</strong></span> <span class='ocrx_word' id='word_1_156' title='bbox 992 1942 1046 1983; x_wconf 91' lang='lat' dir='ltr'><strong>usu</strong></span> <span class='ocrx_word' id='word_1_157' title='bbox 1069 1925 1273 1997; x_wconf 89' lang='lat' dir='ltr'><strong>particularum</strong></span> <span class='ocrx_word' id='word_1_158' title='bbox 1302 1928 1387 1980; x_wconf 73' lang='lat' dir='ltr'><strong>zs-nal</strong></span> 
     </span>
     <span class='ocr_line' id='line_1_19' title="bbox 214 2013 1386 2087; baseline 0.001 -17"><span class='ocrx_word' id='word_1_159' title='bbox 214 2014 243 2070; x_wconf 92' lang='lat' dir='ltr'><strong>in</strong></span> <span class='ocrx_word' id='word_1_160' title='bbox 267 2014 342 2071; x_wconf 89' lang='lat' dir='ltr'><strong>Plut.</strong></span> <span class='ocrx_word' id='word_1_161' title='bbox 376 2014 475 2071; x_wconf 89' lang='lat' dir='ltr'><strong>moral.</strong></span> <span class='ocrx_word' id='word_1_162' title='bbox 500 2013 714 2087; x_wconf 87' lang='lat' dir='ltr'><strong>diligentissime</strong></span> <span class='ocrx_word' id='word_1_163' title='bbox 747 2014 906 2071; x_wconf 88' lang='lat' dir='ltr'><strong>examinato</strong></span> <span class='ocrx_word' id='word_1_164' title='bbox 941 2013 965 2070; x_wconf 94' lang='lat' dir='ltr'><strong>ei</strong></span> <span class='ocrx_word' id='word_1_165' title='bbox 997 2013 1071 2070; x_wconf 91' lang='lat' dir='ltr'><strong>inter</strong></span> <span class='ocrx_word' id='word_1_166' title='bbox 1103 2014 1270 2071; x_wconf 90' lang='lat' dir='ltr'><strong>subditicios</strong></span> <span class='ocrx_word' id='word_1_167' title='bbox 1298 2014 1386 2072; x_wconf 89' lang='lat' dir='ltr'><strong>libros</strong></span> 
     </span>
     <span class='ocr_line' id='line_1_20' title="bbox 214 2102 1386 2175; baseline 0.001 -17"><span class='ocrx_word' id='word_1_168' title='bbox 214 2102 305 2159; x_wconf 90' lang='lat' dir='ltr'><strong>locum</strong></span> <span class='ocrx_word' id='word_1_169' title='bbox 335 2103 527 2175; x_wconf 82' lang='lat' dir='ltr'><strong>assignasset,</strong></span> <span class='ocrx_word' id='word_1_170' title='bbox 558 2103 682 2159; x_wconf 91' lang='lat' dir='ltr'><strong>eiusdem</strong></span> <span class='ocrx_word' id='word_1_171' title='bbox 705 2102 861 2160; x_wconf 90' lang='lat' dir='ltr'><strong>sententiae</strong></span> <span class='ocrx_word' id='word_1_172' title='bbox 890 2102 1011 2159; x_wconf 90' lang='lat' dir='ltr'><strong>accessit</strong></span> <span class='ocrx_word' id='word_1_173' title='bbox 1035 2102 1153 2172; x_wconf 84' lang='lat' dir='ltr'><strong>Gercke,</strong></span> <span class='ocrx_word' id='word_1_174' title='bbox 1185 2108 1232 2175; x_wconf 86' lang='lat' dir='ltr'><strong>qui</strong></span> <span class='ocrx_word' id='word_1_175' title='bbox 1256 2103 1386 2160; x_wconf 90' lang='lat' dir='ltr'><strong>artiorem</strong></span> 
     </span>
     <span class='ocr_line' id='line_1_21' title="bbox 214 2191 1387 2263; baseline 0.001 -16"><span class='ocrx_word' id='word_1_176' title='bbox 214 2192 358 2263; x_wconf 90' lang='lat' dir='ltr'><strong>quandam</strong></span> <span class='ocrx_word' id='word_1_177' title='bbox 390 2191 623 2248; x_wconf 87' lang='lat' dir='ltr'><strong>necessitudinem</strong></span> <span class='ocrx_word' id='word_1_178' title='bbox 656 2191 729 2248; x_wconf 92' lang='lat' dir='ltr'><strong>inter</strong></span> <span class='ocrx_word' id='word_1_179' title='bbox 761 2192 841 2249; x_wconf 91' lang='lat' dir='ltr'><strong>illum</strong></span> <span class='ocrx_word' id='word_1_180' title='bbox 872 2191 976 2249; x_wconf 91' lang='lat' dir='ltr'><strong>librum</strong></span> <span class='ocrx_word' id='word_1_181' title='bbox 1006 2193 1034 2249; x_wconf 91' lang='lat' dir='ltr'><strong>et</strong></span> <span class='ocrx_word' id='word_1_182' title='bbox 1061 2191 1184 2249; x_wconf 88' lang='lat' dir='ltr'><strong>Nemesii</strong></span> <span class='ocrx_word' id='word_1_183' title='bbox 1218 2193 1252 2248; x_wconf 92' lang='lat' dir='ltr'><strong>de</strong></span> <span class='ocrx_word' id='word_1_184' title='bbox 1284 2195 1387 2249; x_wconf 92' lang='lat' dir='ltr'><strong>natura</strong></span> 
     </span>
     <span class='ocr_line' id='line_1_22' title="bbox 214 2280 1386 2338; baseline 0.001 -2"><span class='ocrx_word' id='word_1_185' title='bbox 214 2280 335 2336; x_wconf 89' lang='lat' dir='ltr'><strong>hominis</strong></span> <span class='ocrx_word' id='word_1_186' title='bbox 364 2280 626 2338; x_wconf 84' lang='lat' dir='ltr'><strong>commentationem</strong></span> <span class='ocrx_word' id='word_1_187' title='bbox 654 2283 682 2338; x_wconf 92' lang='lat' dir='ltr'><strong>et</strong></span> <span class='ocrx_word' id='word_1_188' title='bbox 705 2280 842 2338; x_wconf 79' lang='lat' dir='ltr'><strong>Chalcidii</strong></span> <span class='ocrx_word' id='word_1_189' title='bbox 868 2280 897 2336; x_wconf 91' lang='lat' dir='ltr'><strong>in</strong></span> <span class='ocrx_word' id='word_1_190' title='bbox 920 2280 1049 2337; x_wconf 88' lang='lat' dir='ltr'><strong>Platonis</strong></span> <span class='ocrx_word' id='word_1_191' title='bbox 1074 2280 1218 2338; x_wconf 85' lang='lat' dir='ltr'><strong>Timaeum</strong></span> <span class='ocrx_word' id='word_1_192' title='bbox 1247 2297 1386 2338; x_wconf 89' lang='lat' dir='ltr'><strong>commen-</strong></span> 
     </span>
     <span class='ocr_line' id='line_1_23' title="bbox 214 2363 1387 2442; baseline 0.001 -17"><span class='ocrx_word' id='word_1_193' title='bbox 214 2369 319 2426; x_wconf 90' lang='lat' dir='ltr'><strong>tarium</strong></span> <span class='ocrx_word' id='word_1_194' title='bbox 342 2369 511 2426; x_wconf 91' lang='lat' dir='ltr'><strong>intercedere</strong></span> <span class='ocrx_word' id='word_1_195' title='bbox 526 2372 600 2426; x_wconf 90' lang='lat' dir='ltr'><strong>recte</strong></span> <span class='ocrx_word' id='word_1_196' title='bbox 623 2369 731 2442; x_wconf 90' lang='lat' dir='ltr'><strong>primus</strong></span> <span class='ocrx_word' id='word_1_197' title='bbox 746 2363 894 2442; x_wconf 73' lang='lat' dir='ltr'><strong>agnovit4)</strong></span> <span class='ocrx_word' id='word_1_198' title='bbox 919 2371 947 2426; x_wconf 90' lang='lat' dir='ltr'><strong>et</strong></span> <span class='ocrx_word' id='word_1_199' title='bbox 970 2369 998 2425; x_wconf 91' lang='lat' dir='ltr'><strong>in</strong></span> <span class='ocrx_word' id='word_1_200' title='bbox 1017 2369 1178 2427; x_wconf 87' lang='lat' dir='ltr'><strong>universum</strong></span> <span class='ocrx_word' id='word_1_201' title='bbox 1202 2370 1387 2442; x_wconf 90' lang='lat' dir='ltr'><strong>probabiliter</strong></span> 
     </span>
     <span class='ocr_line' id='line_1_24' title="bbox 215 2451 1387 2531; baseline 0.001 -17"><span class='ocrx_word' id='word_1_202' title='bbox 215 2451 385 2530; x_wconf 65' lang='lat' dir='ltr'><strong>exposuitl).</strong></span> <span class='ocrx_word' id='word_1_203' title='bbox 422 2457 496 2514; x_wconf 86' lang='lat' dir='ltr'><strong>Nam</strong></span> <span class='ocrx_word' id='word_1_204' title='bbox 511 2458 581 2516; x_wconf 93' lang='lat' dir='ltr'><strong>locis</strong></span> <span class='ocrx_word' id='word_1_205' title='bbox 606 2458 775 2531; x_wconf 90' lang='lat' dir='ltr'><strong>quibusdam</strong></span> <span class='ocrx_word' id='word_1_206' title='bbox 798 2459 827 2515; x_wconf 91' lang='lat' dir='ltr'><strong>in</strong></span> <span class='ocrx_word' id='word_1_207' title='bbox 851 2458 1089 2530; x_wconf 90' lang='lat' dir='ltr'><strong>comparationem</strong></span> <span class='ocrx_word' id='word_1_208' title='bbox 1113 2459 1222 2516; x_wconf 88' lang='lat' dir='ltr'><strong>vocatis</strong></span> <span class='ocrx_word' id='word_1_209' title='bbox 1246 2459 1387 2516; x_wconf 86' lang='lat' dir='ltr'><strong>evidenter</strong></span> 
     </span>
     <span class='ocr_line' id='line_1_25' title="bbox 214 2545 1386 2619; baseline 0.001 -16"><span class='ocrx_word' id='word_1_210' title='bbox 214 2546 337 2604; x_wconf 91' lang='lat' dir='ltr'><strong>ostendit</strong></span> <span class='ocrx_word' id='word_1_211' title='bbox 364 2546 453 2603; x_wconf 92' lang='lat' dir='ltr'><strong>libelli</strong></span> <span class='ocrx_word' id='word_1_212' title='bbox 477 2547 510 2604; x_wconf 92' lang='lat' dir='ltr'><strong>de</strong></span> <span class='ocrx_word' id='word_1_213' title='bbox 533 2547 593 2605; x_wconf 86' lang='lat' dir='ltr'><strong>iato</strong></span> <span class='ocrx_word' id='word_1_214' title='bbox 617 2563 699 2619; x_wconf 89' lang='lat' dir='ltr'><strong>capp.</strong></span> <span class='ocrx_word' id='word_1_215' title='bbox 729 2545 811 2606; x_wconf 88' lang='lat' dir='ltr'><strong>l—3</strong></span> <span class='ocrx_word' id='word_1_216' title='bbox 836 2549 864 2604; x_wconf 90' lang='lat' dir='ltr'><strong>et</strong></span> <span class='ocrx_word' id='word_1_217' title='bbox 890 2547 1014 2605; x_wconf 90' lang='lat' dir='ltr'><strong>frustula</strong></span> <span class='ocrx_word' id='word_1_218' title='bbox 1048 2548 1186 2619; x_wconf 89' lang='lat' dir='ltr'><strong>quaedam</strong></span> <span class='ocrx_word' id='word_1_219' title='bbox 1210 2548 1386 2619; x_wconf 90' lang='lat' dir='ltr'><strong>sequentium</strong></span> 
     </span>
     <span class='ocr_line' id='line_1_26' title="bbox 214 2635 1387 2707; baseline 0.002 -16"><span class='ocrx_word' id='word_1_220' title='bbox 214 2635 338 2707; x_wconf 86' lang='lat' dir='ltr'><strong>capitum</strong></span> <span class='ocrx_word' id='word_1_221' title='bbox 370 2636 406 2692; x_wconf 91' lang='lat' dir='ltr'><strong>ad</strong></span> <span class='ocrx_word' id='word_1_222' title='bbox 439 2636 555 2693; x_wconf 88' lang='lat' dir='ltr'><strong>verbum</strong></span> <span class='ocrx_word' id='word_1_223' title='bbox 587 2637 731 2694; x_wconf 84' lang='lat' dir='ltr'><strong>concinere</strong></span> <span class='ocrx_word' id='word_1_224' title='bbox 760 2653 822 2694; x_wconf 90' lang='lat' dir='ltr'><strong>cum</strong></span> <span class='ocrx_word' id='word_1_225' title='bbox 846 2636 981 2693; x_wconf 85' lang='lat' dir='ltr'><strong>Chalcidii</strong></span> <span class='ocrx_word' id='word_1_226' title='bbox 1009 2653 1144 2694; x_wconf 91' lang='lat' dir='ltr'><strong>sermone.</strong></span> <span class='ocrx_word' id='word_1_227' title='bbox 1191 2636 1234 2693; x_wconf 86' lang='lat' dir='ltr'><strong>Ex</strong></span> <span class='ocrx_word' id='word_1_228' title='bbox 1262 2636 1387 2694; x_wconf 90' lang='lat' dir='ltr'><strong>locomm</strong></span> 
     </span>
     <span class='ocr_line' id='line_1_27' title="bbox 214 2725 1386 2798; baseline 0 -17"><span class='ocrx_word' id='word_1_229' title='bbox 214 2726 365 2796; x_wconf 88' lang='lat' dir='ltr'><strong>conspectu</strong></span> <span class='ocrx_word' id='word_1_230' title='bbox 385 2742 447 2781; x_wconf 92' lang='lat' dir='ltr'><strong>eum</strong></span> <span class='ocrx_word' id='word_1_231' title='bbox 466 2725 592 2782; x_wconf 91' lang='lat' dir='ltr'><strong>libellum</strong></span> <span class='ocrx_word' id='word_1_232' title='bbox 617 2742 672 2797; x_wconf 91' lang='lat' dir='ltr'><strong>quo</strong></span> <span class='ocrx_word' id='word_1_233' title='bbox 696 2725 791 2798; x_wconf 89' lang='lat' dir='ltr'><strong>agitur</strong></span> <span class='ocrx_word' id='word_1_234' title='bbox 814 2725 847 2782; x_wconf 89' lang='lat' dir='ltr'><strong>de</strong></span> <span class='ocrx_word' id='word_1_235' title='bbox 870 2725 930 2782; x_wconf 90' lang='lat' dir='ltr'><strong>fato</strong></span> <span class='ocrx_word' id='word_1_236' title='bbox 946 2725 1082 2782; x_wconf 82' lang='lat' dir='ltr'><strong>Chalcidii</strong></span> <span class='ocrx_word' id='word_1_237' title='bbox 1105 2725 1210 2782; x_wconf 87' lang='lat' dir='ltr'><strong>fontem</strong></span> <span class='ocrx_word' id='word_1_238' title='bbox 1234 2742 1290 2783; x_wconf 95' lang='lat' dir='ltr'><strong>non</strong></span> <span class='ocrx_word' id='word_1_239' title='bbox 1314 2743 1386 2794; x_wconf 89' lang='lat' dir='ltr'><strong>esse,</strong></span> 
     </span>
     <span class='ocr_line' id='line_1_28' title="bbox 214 2813 1386 2886; baseline 0.001 -16"><span class='ocrx_word' id='word_1_240' title='bbox 214 2813 346 2885; x_wconf 91' lang='lat' dir='ltr'><strong>quoniam</strong></span> <span class='ocrx_word' id='word_1_241' title='bbox 378 2814 486 2886; x_wconf 92' lang='lat' dir='ltr'><strong>plenior</strong></span> <span class='ocrx_word' id='word_1_242' title='bbox 518 2814 556 2872; x_wconf 93' lang='lat' dir='ltr'><strong>sit</strong></span> <span class='ocrx_word' id='word_1_243' title='bbox 588 2814 780 2871; x_wconf 90' lang='lat' dir='ltr'><strong>commentarii</strong></span> <span class='ocrx_word' id='word_1_244' title='bbox 813 2814 902 2871; x_wconf 90' lang='lat' dir='ltr'><strong>oratio</strong></span> <span class='ocrx_word' id='word_1_245' title='bbox 935 2814 1049 2886; x_wconf 91' lang='lat' dir='ltr'><strong>eiusque</strong></span> <span class='ocrx_word' id='word_1_246' title='bbox 1082 2814 1239 2871; x_wconf 87' lang='lat' dir='ltr'><strong>sententiae</strong></span> <span class='ocrx_word' id='word_1_247' title='bbox 1272 2814 1386 2871; x_wconf 88' lang='lat' dir='ltr'><strong>iustiore</strong></span> 
     </span>
     <span class='ocr_line' id='line_1_29' title="bbox 214 2901 1385 2976; baseline 0.001 -18"><span class='ocrx_word' id='word_1_248' title='bbox 214 2902 308 2959; x_wconf 91' lang='lat' dir='ltr'><strong>ordine</strong></span> <span class='ocrx_word' id='word_1_249' title='bbox 333 2904 422 2972; x_wconf 89' lang='lat' dir='ltr'><strong>stent,</strong></span> <span class='ocrx_word' id='word_1_250' title='bbox 448 2903 552 2962; x_wconf 82' lang='lat' dir='ltr'><strong>Gercke</strong></span> <span class='ocrx_word' id='word_1_251' title='bbox 582 2903 613 2975; x_wconf 82' lang='lat' dir='ltr'><strong>(l.</strong></span> <span class='ocrx_word' id='word_1_252' title='bbox 638 2903 656 2960; x_wconf 95' lang='lat' dir='ltr'><strong>l.</strong></span> <span class='ocrx_word' id='word_1_253' title='bbox 681 2921 709 2975; x_wconf 94' lang='lat' dir='ltr'><strong>p.</strong></span> <span class='ocrx_word' id='word_1_254' title='bbox 736 2901 812 2976; x_wconf 82' lang='lat'><strong>277)</strong></span> <span class='ocrx_word' id='word_1_255' title='bbox 841 2903 995 2976; x_wconf 89' lang='lat' dir='ltr'><strong>generatim</strong></span> <span class='ocrx_word' id='word_1_256' title='bbox 1024 2902 1153 2960; x_wconf 88' lang='lat' dir='ltr'><strong>iudicans</strong></span> <span class='ocrx_word' id='word_1_257' title='bbox 1182 2903 1252 2960; x_wconf 89' lang='lat' dir='ltr'><strong>scite</strong></span> <span class='ocrx_word' id='word_1_258' title='bbox 1276 2903 1385 2976; x_wconf 92' lang='lat' dir='ltr'><strong>quidem</strong></span> 
     </span>
    </p>
   </div>
   <div class='ocr_carea' id='block_1_3' title="bbox 214 2991 1478 3077">
    <p class='ocr_par' dir='ltr' id='par_1_3' title="bbox 214 2991 1478 3077">
     <span class='ocr_line' id='line_1_30' title="bbox 214 2991 1478 3077; baseline 0.002 -30"><span class='ocrx_word' id='word_1_259' title='bbox 214 2991 342 3063; x_wconf 88' lang='lat' dir='ltr'><strong>collegit,</strong></span> <span class='ocrx_word' id='word_1_260' title='bbox 367 2991 429 3060; x_wconf 90' lang='lat' dir='ltr'><strong>sed,</strong></span> <span class='ocrx_word' id='word_1_261' title='bbox 455 2992 548 3065; x_wconf 91' lang='lat' dir='ltr'><strong>qualis</strong></span> <span class='ocrx_word' id='word_1_262' title='bbox 575 2992 652 3049; x_wconf 89' lang='lat' dir='ltr'><strong>illius</strong></span> <span class='ocrx_word' id='word_1_263' title='bbox 681 2992 773 3065; x_wconf 91' lang='lat' dir='ltr'><strong>operis</strong></span> <span class='ocrx_word' id='word_1_264' title='bbox 797 2992 835 3049; x_wconf 92' lang='lat' dir='ltr'><strong>sit</strong></span> <span class='ocrx_word' id='word_1_265' title='bbox 858 2992 983 3049; x_wconf 90' lang='lat' dir='ltr'><strong>condicio</strong></span> <span class='ocrx_word' id='word_1_266' title='bbox 1011 2994 1040 3049; x_wconf 92' lang='lat' dir='ltr'><strong>et</strong></span> <span class='ocrx_word' id='word_1_267' title='bbox 1063 2991 1147 3061; x_wconf 90' lang='lat' dir='ltr'><strong>fides,</strong></span> <span class='ocrx_word' id='word_1_268' title='bbox 1172 2995 1200 3049; x_wconf 93' lang='lat' dir='ltr'><strong>et</strong></span> <span class='ocrx_word' id='word_1_269' title='bbox 1223 2992 1335 3049; x_wconf 88' lang='lat' dir='ltr'><strong>brevius</strong></span> <span class='ocrx_word' id='word_1_270' title='bbox 1359 2994 1387 3049; x_wconf 93' lang='lat' dir='ltr'><strong>et</strong></span> <span class='ocrx_word' id='word_1_271' title='bbox 1476 3072 1478 3077; x_wconf 28' lang='grc' dir='ltr'>Ι</span> 
     </span>
    </p>
   </div>
   <div class='ocr_carea' id='block_1_4' title="bbox 213 3080 1387 3686">
    <p class='ocr_par' dir='ltr' id='par_1_4' title="bbox 213 3080 678 3154">
     <span class='ocr_line' id='line_1_31' title="bbox 213 3080 678 3154; baseline 0.004 -18"><span class='ocrx_word' id='word_1_272' title='bbox 213 3080 298 3151; x_wconf 92' lang='lat' dir='ltr'><strong>paulo</strong></span> <span class='ocrx_word' id='word_1_273' title='bbox 321 3080 517 3154; x_wconf 85' lang='lat' dir='ltr'><strong>neglegentius</strong></span> <span class='ocrx_word' id='word_1_274' title='bbox 541 3081 678 3153; x_wconf 86' lang='lat' dir='ltr'><strong>exposuit.</strong></span> 
     </span>
    </p>

    <p class='ocr_par' dir='ltr' id='par_1_5' title="bbox 213 3168 1387 3686">
     <span class='ocr_line' id='line_1_32' title="bbox 301 3168 1386 3242; baseline 0.002 -18"><span class='ocrx_word' id='word_1_275' title='bbox 301 3168 450 3239; x_wconf 88' lang='lat' dir='ltr'><strong>Nimirum,</strong></span> <span class='ocrx_word' id='word_1_276' title='bbox 475 3169 499 3227; x_wconf 91' lang='lat' dir='ltr'><strong>si</strong></span> <span class='ocrx_word' id='word_1_277' title='bbox 514 3169 678 3240; x_wconf 89' lang='lat' dir='ltr'><strong>inspicimus</strong></span> <span class='ocrx_word' id='word_1_278' title='bbox 692 3169 748 3226; x_wconf 91' lang='lat' dir='ltr'><strong>tria</strong></span> <span class='ocrx_word' id='word_1_279' title='bbox 767 3169 862 3241; x_wconf 87' lang='lat' dir='ltr'><strong>capita</strong></span> <span class='ocrx_word' id='word_1_280' title='bbox 882 3187 953 3242; x_wconf 89' lang='lat' dir='ltr'><strong>quae</strong></span> <span class='ocrx_word' id='word_1_281' title='bbox 977 3170 1103 3227; x_wconf 92' lang='lat' dir='ltr'><strong>libellum</strong></span> <span class='ocrx_word' id='word_1_282' title='bbox 1121 3169 1268 3242; x_wconf 89' lang='lat' dir='ltr'><strong>incipiunt,</strong></span> <span class='ocrx_word' id='word_1_283' title='bbox 1289 3170 1386 3227; x_wconf 89' lang='lat' dir='ltr'><strong>statim</strong></span> 
     </span>
     <span class='ocr_line' id='line_1_33' title="bbox 214 3257 1386 3330; baseline 0.002 -16"><span class='ocrx_word' id='word_1_284' title='bbox 214 3257 419 3329; x_wconf 91' lang='lat' dir='ltr'><strong>cognoscimus,</strong></span> <span class='ocrx_word' id='word_1_285' title='bbox 436 3258 571 3315; x_wconf 85' lang='lat' dir='ltr'><strong>Chalcidii</strong></span> <span class='ocrx_word' id='word_1_286' title='bbox 586 3258 814 3315; x_wconf 86' lang='lat' dir='ltr'><strong>commentarium</strong></span> <span class='ocrx_word' id='word_1_287' title='bbox 829 3258 981 3330; x_wconf 92' lang='lat' dir='ltr'><strong>pleniorem</strong></span> <span class='ocrx_word' id='word_1_288' title='bbox 1005 3276 1067 3316; x_wconf 89' lang='lat' dir='ltr'><strong>esse</strong></span> <span class='ocrx_word' id='word_1_289' title='bbox 1087 3257 1134 3316; x_wconf 94' lang='lat' dir='ltr'><strong>illo</strong></span> <span class='ocrx_word' id='word_1_290' title='bbox 1149 3258 1255 3316; x_wconf 92' lang='lat' dir='ltr'><strong>libello.</strong></span> <span class='ocrx_word' id='word_1_291' title='bbox 1293 3259 1386 3316; x_wconf 90' lang='lat' dir='ltr'><strong>Primo</strong></span> 
     </span>
     <span class='ocr_line' id='line_1_34' title="bbox 214 3345 1387 3420; baseline 0.003 -19"><span class='ocrx_word' id='word_1_292' title='bbox 214 3345 305 3417; x_wconf 90' lang='lat' dir='ltr'><strong>capite</strong></span> <span class='ocrx_word' id='word_1_293' title='bbox 321 3345 511 3403; x_wconf 89' lang='lat' dir='ltr'><strong>desideramus</strong></span> <span class='ocrx_word' id='word_1_294' title='bbox 526 3347 784 3418; x_wconf 85' lang='lat' dir='ltr'><strong>interpretationem</strong></span> <span class='ocrx_word' id='word_1_295' title='bbox 800 3347 883 3404; x_wconf 90' lang='lat' dir='ltr'><strong>nexui</strong></span> <span class='ocrx_word' id='word_1_296' title='bbox 901 3364 993 3404; x_wconf 89' lang='lat' dir='ltr'><strong>rerum</strong></span> <span class='ocrx_word' id='word_1_297' title='bbox 1012 3347 1210 3416; x_wconf 88' lang='lat' dir='ltr'><strong>necessariam,</strong></span> <span class='ocrx_word' id='word_1_298' title='bbox 1231 3364 1287 3419; x_wconf 90' lang='lat' dir='ltr'><strong>qua</strong></span> <span class='ocrx_word' id='word_1_299' title='bbox 1311 3348 1387 3420; x_wconf 93' lang='lat' dir='ltr'><strong>apud</strong></span> 
     </span>
     <span class='ocr_line' id='line_1_35' title="bbox 214 3432 1386 3508; baseline 0.001 -18"><span class='ocrx_word' id='word_1_300' title='bbox 214 3432 387 3490; x_wconf 79' lang='lat' dir='ltr'><strong>Chalcidium</strong></span> <span class='ocrx_word' id='word_1_301' title='bbox 420 3437 497 3504; x_wconf 76' lang='grc' dir='ltr'><em>ὁτῆς</em></span> <span class='ocrx_word' id='word_1_302' title='bbox 516 3436 658 3504; x_wconf 81' lang='grc' dir='ltr'><em>Λαχέσεως</em></span> <span class='ocrx_word' id='word_1_303' title='bbox 676 3437 751 3504; x_wconf 76' lang='grc' dir='ltr'><strong><em>λόγος</em></strong></span> <span class='ocrx_word' id='word_1_304' title='bbox 779 3436 943 3508; x_wconf 84' lang='lat' dir='ltr'><strong>explicatur.</strong></span> <span class='ocrx_word' id='word_1_305' title='bbox 990 3436 1097 3492; x_wconf 88' lang='lat' dir='ltr'><strong>Deinde</strong></span> <span class='ocrx_word' id='word_1_306' title='bbox 1134 3437 1256 3493; x_wconf 87' lang='lat' dir='ltr'><strong>secundo</strong></span> <span class='ocrx_word' id='word_1_307' title='bbox 1294 3437 1386 3508; x_wconf 87' lang='lat' dir='ltr'><strong>capite</strong></span> 
     </span>
     <span class='ocr_line' id='line_1_36' title="bbox 213 3522 1386 3594; baseline 0.003 -16"><span class='ocrx_word' id='word_1_308' title='bbox 213 3539 269 3579; x_wconf 91' lang='lat' dir='ltr'><strong>non</strong></span> <span class='ocrx_word' id='word_1_309' title='bbox 298 3522 389 3579; x_wconf 91' lang='lat' dir='ltr'><strong>solum</strong></span> <span class='ocrx_word' id='word_1_310' title='bbox 412 3522 566 3579; x_wconf 87' lang='lat' dir='ltr'><strong>Parcarum</strong></span> <span class='ocrx_word' id='word_1_311' title='bbox 594 3524 660 3580; x_wconf 93' lang='lat' dir='ltr'><strong>ordo</strong></span> <span class='ocrx_word' id='word_1_312' title='bbox 676 3525 811 3581; x_wconf 88' lang='lat' dir='ltr'><strong>mutatus</strong></span> <span class='ocrx_word' id='word_1_313' title='bbox 834 3527 891 3594; x_wconf 90' lang='lat' dir='ltr'><strong>est,</strong></span> <span class='ocrx_word' id='word_1_314' title='bbox 916 3524 1074 3582; x_wconf 88' lang='lat' dir='ltr'><strong>sedetiam</strong></span> <span class='ocrx_word' id='word_1_315' title='bbox 1098 3524 1208 3582; x_wconf 91' lang='lat' dir='ltr'><strong>duobus</strong></span> <span class='ocrx_word' id='word_1_316' title='bbox 1232 3524 1386 3582; x_wconf 89' lang='lat' dir='ltr'><strong>enuntiatis</strong></span> 
     </span>
     <span class='ocr_line' id='line_1_37' title="bbox 213 3611 1386 3686; baseline 0.002 -19"><span class='ocrx_word' id='word_1_317' title='bbox 213 3611 242 3667; x_wconf 90' lang='lat' dir='ltr'><strong>in</strong></span> <span class='ocrx_word' id='word_1_318' title='bbox 268 3628 355 3668; x_wconf 92' lang='lat' dir='ltr'><strong>unum</strong></span> <span class='ocrx_word' id='word_1_319' title='bbox 383 3611 537 3668; x_wconf 88' lang='lat' dir='ltr'><strong>contractis</strong></span> <span class='ocrx_word' id='word_1_320' title='bbox 566 3611 729 3669; x_wconf 88' lang='lat' dir='ltr'><strong>decurtatus</strong></span> <span class='ocrx_word' id='word_1_321' title='bbox 758 3629 858 3670; x_wconf 90' lang='lat' dir='ltr'><strong>sermo.</strong></span> <span class='ocrx_word' id='word_1_322' title='bbox 905 3613 976 3671; x_wconf 82' lang='lat' dir='ltr'><strong>Tum</strong></span> <span class='ocrx_word' id='word_1_323' title='bbox 1004 3613 1097 3686; x_wconf 88' lang='lat' dir='ltr'><strong>capite</strong></span> <span class='ocrx_word' id='word_1_324' title='bbox 1124 3614 1208 3671; x_wconf 88' lang='lat' dir='ltr'><strong>tertio</strong></span> <span class='ocrx_word' id='word_1_325' title='bbox 1236 3614 1315 3670; x_wconf 88' lang='lat' dir='ltr'><strong>locus</strong></span> <span class='ocrx_word' id='word_1_326' title='bbox 1339 3613 1386 3670; x_wconf 92' lang='lat' dir='ltr'><strong>ille</strong></span> 
     </span>
    </p>
   </div>
   <div class='ocr_carea' id='block_1_5' title="bbox 211 3799 1388 4578">
    <p class='ocr_par' dir='ltr' id='par_1_6' title="bbox 212 3799 1388 3939">
     <span class='ocr_line' id='line_1_38' title="bbox 303 3799 1388 3869; baseline -0.002 -15"><span class='ocrx_word' id='word_1_327' title='bbox 303 3799 323 3868; x_wconf 85' lang='lat'><strong>¹)</strong></span> <span class='ocrx_word' id='word_1_328' title='bbox 342 3800 433 3854; x_wconf 82' lang='lat' dir='ltr'><strong>Verba</strong></span> <span class='ocrx_word' id='word_1_329' title='bbox 446 3799 684 3867; x_wconf 79' lang='lat' dir='ltr'><strong>praefatiunculae</strong></span> <span class='ocrx_word' id='word_1_330' title='bbox 698 3800 748 3853; x_wconf 86' lang='grc' dir='ltr'><strong>οὐκ</strong></span> <span class='ocrx_word' id='word_1_331' title='bbox 763 3799 865 3867; x_wconf 81' lang='grc' dir='ltr'><em>ἀγνοῶν</em></span> <span class='ocrx_word' id='word_1_332' title='bbox 879 3801 911 3868; x_wconf 87' lang='grc' dir='ltr'><strong>ἣν</strong></span> <span class='ocrx_word' id='word_1_333' title='bbox 925 3802 978 3868; x_wconf 84' lang='grc' dir='ltr'><strong>ἔχω</strong></span> <span class='ocrx_word' id='word_1_334' title='bbox 992 3801 1058 3868; x_wconf 82' lang='grc' dir='ltr'><strong><em>πρὸς</em></strong></span> <span class='ocrx_word' id='word_1_335' title='bbox 1077 3801 1105 3853; x_wconf 87' lang='grc' dir='ltr'><strong>τὸ</strong></span> <span class='ocrx_word' id='word_1_336' title='bbox 1124 3800 1233 3868; x_wconf 77' lang='grc' dir='ltr'><em>γράφειν</em></span> <span class='ocrx_word' id='word_1_337' title='bbox 1251 3800 1388 3869; x_wconf 78' lang='grc' dir='ltr'><em>εὐλάβειαν</em></span> 
     </span>
     <span class='ocr_line' id='line_1_39' title="bbox 212 3871 1007 3939; baseline 0.001 -15"><span class='ocrx_word' id='word_1_338' title='bbox 212 3871 377 3938; x_wconf 90' lang='lat' dir='ltr'><strong>imperitiam</strong></span> <span class='ocrx_word' id='word_1_339' title='bbox 395 3872 530 3938; x_wconf 92' lang='lat' dir='ltr'><strong>quandam</strong></span> <span class='ocrx_word' id='word_1_340' title='bbox 549 3871 686 3925; x_wconf 91' lang='lat' dir='ltr'><strong>scribendi</strong></span> <span class='ocrx_word' id='word_1_341' title='bbox 704 3872 817 3939; x_wconf 90' lang='lat' dir='ltr'><strong>prodere</strong></span> <span class='ocrx_word' id='word_1_342' title='bbox 836 3876 911 3925; x_wconf 86' lang='lat' dir='ltr'><strong>recte</strong></span> <span class='ocrx_word' id='word_1_343' title='bbox 930 3872 1007 3925; x_wconf 91' lang='lat' dir='ltr'><strong>dixit.</strong></span> 
     </span>
    </p>

    <p class='ocr_par' dir='ltr' id='par_1_7' title="bbox 211 3941 1387 4349">
     <span class='ocr_line' id='line_1_40' title="bbox 301 3941 1386 4010; baseline -0.001 -15"><span class='ocrx_word' id='word_1_344' title='bbox 301 3941 322 4010; x_wconf 73' lang='lat'><strong>²)</strong></span> <span class='ocrx_word' id='word_1_345' title='bbox 342 3942 382 3995; x_wconf 79' lang='lat' dir='ltr'><strong>ef.</strong></span> <span class='ocrx_word' id='word_1_346' title='bbox 402 3943 475 3996; x_wconf 90' lang='lat' dir='ltr'><strong>Plut.</strong></span> <span class='ocrx_word' id='word_1_347' title='bbox 492 3942 569 3996; x_wconf 84' lang='lat' dir='ltr'><strong>‘Leb</strong></span> <span class='ocrx_word' id='word_1_348' title='bbox 593 3959 619 3996; x_wconf 93' lang='lat' dir='ltr'><strong>u.</strong></span> <span class='ocrx_word' id='word_1_349' title='bbox 640 3941 721 3996; x_wconf 74' lang='lat' dir='ltr'><strong>Schr?</strong></span> <span class='ocrx_word' id='word_1_350' title='bbox 742 3944 756 3996; x_wconf 88' lang='grc' dir='ltr'>Ι</span> <span class='ocrx_word' id='word_1_351' title='bbox 774 3959 800 4009; x_wconf 93' lang='lat' dir='ltr'><strong>p.</strong></span> <span class='ocrx_word' id='word_1_352' title='bbox 822 3944 871 3995; x_wconf 83' lang='lat'><strong>146</strong></span> <span class='ocrx_word' id='word_1_353' title='bbox 882 3960 938 4008; x_wconf 90' lang='lat' dir='ltr'><strong>sqq.</strong></span> <span class='ocrx_word' id='word_1_354' title='bbox 977 3943 1086 3996; x_wconf 87' lang='lat' dir='ltr'><strong>Infirmo</strong></span> <span class='ocrx_word' id='word_1_355' title='bbox 1114 3958 1180 3996; x_wconf 88' lang='lat' dir='ltr'><strong>sane</strong></span> <span class='ocrx_word' id='word_1_356' title='bbox 1207 3942 1386 3996; x_wconf 84' lang='lat' dir='ltr'><strong>fundamento</strong></span> 
     </span>
     <span class='ocr_line' id='line_1_41' title="bbox 211 4012 1386 4082; baseline 0 -16"><span class='ocrx_word' id='word_1_357' title='bbox 211 4012 287 4066; x_wconf 90' lang='lat' dir='ltr'><strong>nisus</strong></span> <span class='ocrx_word' id='word_1_358' title='bbox 301 4013 373 4066; x_wconf 88' lang='lat' dir='ltr'><strong>idem</strong></span> <span class='ocrx_word' id='word_1_359' title='bbox 387 4013 528 4066; x_wconf 87' lang='lat' dir='ltr'><strong>Plutarchi</strong></span> <span class='ocrx_word' id='word_1_360' title='bbox 542 4012 709 4082; x_wconf 85' lang='lat' dir='ltr'><strong>biographus</strong></span> <span class='ocrx_word' id='word_1_361' title='bbox 723 4013 752 4066; x_wconf 90' lang='lat' dir='ltr'><strong>in</strong></span> <span class='ocrx_word' id='word_1_362' title='bbox 765 4014 884 4080; x_wconf 83' lang='lat' dir='ltr'><strong>praefat.</strong></span> <span class='ocrx_word' id='word_1_363' title='bbox 904 4015 921 4067; x_wconf 98' lang='lat' dir='ltr'><strong>l.</strong></span> <span class='ocrx_word' id='word_1_364' title='bbox 941 4015 958 4067; x_wconf 91' lang='lat' dir='ltr'><strong>l.</strong></span> <span class='ocrx_word' id='word_1_365' title='bbox 978 4032 1003 4081; x_wconf 91' lang='lat' dir='ltr'><strong>p.</strong></span> <span class='ocrx_word' id='word_1_366' title='bbox 1019 4015 1069 4066; x_wconf 89' lang='lat' dir='ltr'><strong>XV</strong></span> <span class='ocrx_word' id='word_1_367' title='bbox 1093 4013 1210 4066; x_wconf 87' lang='lat' dir='ltr'><strong>coniecit</strong></span> <span class='ocrx_word' id='word_1_368' title='bbox 1228 4014 1386 4081; x_wconf 88' lang='lat' dir='ltr'><strong>scriptorem</strong></span> 
     </span>
     <span class='ocr_line' id='line_1_42' title="bbox 211 4082 1385 4153; baseline 0.002 -17"><span class='ocrx_word' id='word_1_369' title='bbox 211 4082 296 4137; x_wconf 91' lang='lat' dir='ltr'><strong>libelli</strong></span> <span class='ocrx_word' id='word_1_370' title='bbox 315 4085 504 4151; x_wconf 89' lang='lat' dir='ltr'><strong>homonymum</strong></span> <span class='ocrx_word' id='word_1_371' title='bbox 523 4085 664 4138; x_wconf 89' lang='lat' dir='ltr'><strong>Plutarchi</strong></span> <span class='ocrx_word' id='word_1_372' title='bbox 683 4084 909 4152; x_wconf 87' lang='lat' dir='ltr'><strong>Neoplatonicum</strong></span> <span class='ocrx_word' id='word_1_373' title='bbox 932 4085 1027 4152; x_wconf 86' lang='lat' dir='ltr'><strong>fuisse,</strong></span> <span class='ocrx_word' id='word_1_374' title='bbox 1054 4084 1100 4151; x_wconf 91' lang='lat' dir='ltr'><strong>qui</strong></span> <span class='ocrx_word' id='word_1_375' title='bbox 1119 4084 1214 4150; x_wconf 90' lang='lat' dir='ltr'><strong>quinto</strong></span> <span class='ocrx_word' id='word_1_376' title='bbox 1233 4102 1258 4153; x_wconf 92' lang='lat' dir='ltr'><strong>p.</strong></span> <span class='ocrx_word' id='word_1_377' title='bbox 1279 4084 1339 4138; x_wconf 82' lang='lat' dir='ltr'><strong>Chr.</strong></span> <span class='ocrx_word' id='word_1_378' title='bbox 1359 4102 1385 4138; x_wconf 93' lang='grc'><strong>11.</strong></span> 
     </span>
     <span class='ocr_line' id='line_1_43' title="bbox 212 4154 1386 4223; baseline 0.002 -16"><span class='ocrx_word' id='word_1_379' title='bbox 212 4154 320 4208; x_wconf 87' lang='lat' dir='ltr'><strong>saeculo</strong></span> <span class='ocrx_word' id='word_1_380' title='bbox 335 4155 450 4208; x_wconf 81' lang='lat' dir='ltr'><strong>Athenis</strong></span> <span class='ocrx_word' id='word_1_381' title='bbox 464 4155 622 4209; x_wconf 88' lang='lat' dir='ltr'><strong>Platonicae</strong></span> <span class='ocrx_word' id='word_1_382' title='bbox 640 4156 749 4209; x_wconf 90' lang='lat' dir='ltr'><strong>scholae</strong></span> <span class='ocrx_word' id='word_1_383' title='bbox 767 4155 924 4223; x_wconf 77' lang='lat' dir='ltr'><strong>praefixerit.</strong></span> <span class='ocrx_word' id='word_1_384' title='bbox 959 4156 1009 4209; x_wconf 83' lang='lat' dir='ltr'><strong>Cui</strong></span> <span class='ocrx_word' id='word_1_385' title='bbox 1027 4156 1121 4223; x_wconf 90' lang='lat' dir='ltr'><strong>Zeller,</strong></span> <span class='ocrx_word' id='word_1_386' title='bbox 1142 4155 1206 4220; x_wconf 88' lang='lat' dir='ltr'><strong>quia</strong></span> <span class='ocrx_word' id='word_1_387' title='bbox 1224 4156 1300 4209; x_wconf 88' lang='lat' dir='ltr'><strong>nulla</strong></span> <span class='ocrx_word' id='word_1_388' title='bbox 1318 4156 1386 4209; x_wconf 91' lang='lat' dir='ltr'><strong>Neo-</strong></span> 
     </span>
     <span class='ocr_line' id='line_1_44' title="bbox 212 4225 1387 4349; baseline 0.002 -71"><span class='ocrx_word' id='word_1_389' title='bbox 212 4225 366 4348; x_wconf 55' lang='lat' dir='ltr'><strong>lfftssliffie</strong></span> <span class='ocrx_word' id='word_1_390' title='bbox 384 4227 535 4349; x_wconf 62' lang='lat' dir='ltr'><strong>4d⁰l⁵m¹¹³³</strong></span> <span class='ocrx_word' id='word_1_391' title='bbox 562 4226 664 4280; x_wconf 88' lang='lat' dir='ltr'><strong>indicia</strong></span> <span class='ocrx_word' id='word_1_392' title='bbox 691 4227 720 4280; x_wconf 89' lang='lat' dir='ltr'><strong>in</strong></span> <span class='ocrx_word' id='word_1_393' title='bbox 747 4226 838 4280; x_wconf 84' lang='lat' dir='ltr'><strong>libello</strong></span> <span class='ocrx_word' id='word_1_394' title='bbox 862 4227 1046 4294; x_wconf 86' lang='lat' dir='ltr'><strong>reperiuntur,</strong></span> <span class='ocrx_word' id='word_1_395' title='bbox 1071 4243 1120 4280; x_wconf 88' lang='lat' dir='ltr'><strong>suo</strong></span> <span class='ocrx_word' id='word_1_396' title='bbox 1144 4226 1202 4280; x_wconf 88' lang='lat' dir='ltr'><strong>iure</strong></span> <span class='ocrx_word' id='word_1_397' title='bbox 1230 4226 1387 4292; x_wconf 87' lang='lat' dir='ltr'><strong>obloquitur</strong></span> 
     </span>
    </p>

    <p class='ocr_par' dir='ltr' id='par_1_8' title="bbox 301 4368 751 4436">
     <span class='ocr_line' id='line_1_45' title="bbox 301 4368 751 4436; baseline 0.007 -17"><span class='ocrx_word' id='word_1_398' title='bbox 301 4368 322 4434; x_wconf 77' lang='grc'><strong>3)</strong></span> <span class='ocrx_word' id='word_1_399' title='bbox 342 4368 381 4420; x_wconf 80' lang='lat' dir='ltr'><strong>ef.</strong></span> <span class='ocrx_word' id='word_1_400' title='bbox 401 4384 467 4421; x_wconf 89' lang='lat' dir='ltr'><strong>mus.</strong></span> <span class='ocrx_word' id='word_1_401' title='bbox 487 4369 573 4422; x_wconf 82' lang='lat' dir='ltr'><strong>Rhea.</strong></span> <span class='ocrx_word' id='word_1_402' title='bbox 593 4369 627 4422; x_wconf 82' lang='lat'><strong>33</strong></span> <span class='ocrx_word' id='word_1_403' title='bbox 646 4385 671 4436; x_wconf 91' lang='lat' dir='ltr'><strong>p.</strong></span> <span class='ocrx_word' id='word_1_404' title='bbox 691 4371 751 4422; x_wconf 83' lang='lat'><strong>590.</strong></span> 
     </span>
    </p>

    <p class='ocr_par' dir='ltr' id='par_1_9' title="bbox 302 4438 939 4507">
     <span class='ocr_line' id='line_1_46' title="bbox 302 4438 939 4507; baseline 0.002 -15"><span class='ocrx_word' id='word_1_405' title='bbox 302 4438 323 4506; x_wconf 85' lang='lat'><strong>⁴)</strong></span> <span class='ocrx_word' id='word_1_406' title='bbox 343 4438 383 4492; x_wconf 80' lang='lat' dir='ltr'><strong>cf.</strong></span> <span class='ocrx_word' id='word_1_407' title='bbox 403 4455 465 4492; x_wconf 89' lang='lat' dir='ltr'><strong>ann.</strong></span> <span class='ocrx_word' id='word_1_408' title='bbox 486 4439 577 4507; x_wconf 90' lang='lat' dir='ltr'><strong>philol.</strong></span> <span class='ocrx_word' id='word_1_409' title='bbox 597 4439 684 4507; x_wconf 91' lang='lat' dir='ltr'><strong>suppl.</strong></span> <span class='ocrx_word' id='word_1_410' title='bbox 704 4440 769 4494; x_wconf 89' lang='lat' dir='ltr'><strong>XIV</strong></span> <span class='ocrx_word' id='word_1_411' title='bbox 788 4456 813 4506; x_wconf 93' lang='lat' dir='ltr'><strong>p.</strong></span> <span class='ocrx_word' id='word_1_412' title='bbox 834 4441 885 4493; x_wconf 87' lang='lat'><strong>645</strong></span> <span class='ocrx_word' id='word_1_413' title='bbox 901 4457 939 4507; x_wconf 93' lang='lat' dir='ltr'><strong>sq.</strong></span> 
     </span>
    </p>

    <p class='ocr_par' dir='ltr' id='par_1_10' title="bbox 301 4509 816 4578">
     <span class='ocr_line' id='line_1_47' title="bbox 301 4509 816 4578; baseline 0.004 -16"><span class='ocrx_word' id='word_1_414' title='bbox 301 4510 322 4577; x_wconf 76' lang='lat'><strong>⁶)</strong></span> <span class='ocrx_word' id='word_1_415' title='bbox 342 4509 381 4563; x_wconf 79' lang='lat' dir='ltr'><strong>Of.</strong></span> <span class='ocrx_word' id='word_1_416' title='bbox 402 4525 468 4564; x_wconf 86' lang='lat' dir='ltr'><strong>mus.</strong></span> <span class='ocrx_word' id='word_1_417' title='bbox 487 4510 574 4564; x_wconf 84' lang='lat' dir='ltr'><strong>Rhea.</strong></span> <span class='ocrx_word' id='word_1_418' title='bbox 593 4512 626 4565; x_wconf 91' lang='grc'><strong>41</strong></span> <span class='ocrx_word' id='word_1_419' title='bbox 647 4527 673 4578; x_wconf 92' lang='lat' dir='ltr'><strong>p.</strong></span> <span class='ocrx_word' id='word_1_420' title='bbox 693 4511 745 4563; x_wconf 82' lang='lat'><strong>266</strong></span> <span class='ocrx_word' id='word_1_421' title='bbox 759 4527 816 4577; x_wconf 88' lang='lat' dir='ltr'><strong>sqq.</strong></span> 
     </span>
    </p>
   </div>
   <div class='ocr_carea' id='block_1_6' title="bbox 0 0 1613 5010">
    <p class='ocr_par' dir='ltr' id='par_1_11' title="bbox 0 0 1613 5010">
     <span class='ocr_line' id='line_1_48' title="bbox 0 0 1613 5010; baseline 0 0"><span class='ocrx_word' id='word_1_422' title='bbox 0 0 1613 5010; x_wconf 95' lang='lat' dir='ltr'><strong> </strong></span> 
     </span>
    </p>
   </div>
  </div>
 </body>
</html>
