3210 5010
663 307 885 369 „34-

183 491 266 549 uobis
290 490 394 562 ereptis
418 489 522 547 similia
546 489 657 546 decreta
681 488 801 545 multum
823 487 973 545 valuerint.
1012 487 1105 556 Quid?
1128 487 1202 560 quod
1226 503 1289 559 cap.
1318 485 1354 545 ll

184 582 280 653 aperte
304 597 398 637 eorum
418 579 572 636 Stoicomm
597 577 734 648 doctrina,
760 577 807 650 qui
831 577 986 635 censebant
1009 576 1103 634 omnia
1126 576 1185 633 fato
1210 575 1280 645 fieri,
1304 575 1357 632 im·

184 670 347 742 pugnatur?
393 668 498 726 Gercke
527 667 634 725 scilicet
656 667 676 725 l.
696 667 716 725 l.
736 684 764 738 p.
786 663 865 736 288,
893 682 928 722 ne
960 666 1070 723 desua
1094 665 1235 724 sententia
1259 665 1358 747 demo-

184 761 291 827 veatur‚
317 758 488 829 suspicatur,
511 757 592 814 illam
611 756 767 814 Stoicorum
790 755 1031 828 oppugnationem
1048 772 1183 813 manasse
1207 772 1240 812 er
1262 770 1359 812 recen-

183 848 265 906 tioris
284 847 413 904 Porticus
433 846 526 904 studio
546 863 644 903 severa
663 845 848 903 vetustiorum
867 845 1003 918 dogmata
1022 844 1145 902 leniendi
1169 845 1197 901 et
1218 843 1357 902 mutandi.

274 973 425 1031 Vertamus
449 988 523 1029 nunc
547 971 583 1028 ad
608 971 798 1028 Stoicorum
822 970 941 1028 certiora
963 970 1096 1044 vestigia,
1120 987 1192 1043 quae
1215 969 1244 1027 in
1260 965 1360 1041 capi

186 1061 277 1119 inesse
301 1063 400 1134 negari
423 1060 530 1134 nequit.
568 1061 642 1117 Ante
667 1060 819 1117 Gerckeum
842 1060 899 1116 iam
918 1059 1007 1116 Zeller
1031 1060 1087 1133 (ΙΙΙ
1103 1050 1136 1118 18
1155 1077 1183 1132 p.
1203 1051 1291 1131 1642)
1316 1057 1361 1115 in-

184 1151 293 1208 collexit
323 1151 456 1222 pleraque
480 1159 532 1204 τῶν
554 1152 658 1203 πολλῶν
681 1151 837 1219 ζητημάτων
861 1157 985 1218 φυσικῶν
1007 1151 1097 1204 τεκαὶ
1116 1151 1222 1218 ἠθικῶν
1240 1148 1286 1202 καί
1305 1149 1361 1201 δια-

185 1243 322 1304 λεκτικῶν,
342 1239 438 1312 qualia
460 1256 522 1312 cap.
539 1237 558 1297 3
579 1239 760 1311 attinguntur
783 1237 1011 1310 obsequentibus
1036 1237 1178 1310 capitibus
1201 1237 1359 1304 solvuntur,

187 1346 204 1385 a
229 1328 330 1385 Stoicis
354 1330 480 1386 tractata
504 1346 576 1386 osse.
623 1328 660 1384 Et
684 1327 857 1400 Chrysippus
886 1327 998 1399 quidem
1022 1327 1151 1384 distinxit
1174 1327 1247 1384 inter
1269 1329 1360 1394 εἱμαρ-

184 1420 249 1487 μένα
269 1419 297 1475 et
320 1419 517 1487 συνειμαρμένα,
536 1418 570 1474 do
585 1416 688 1490 quihus
703 1433 766 1488 cap.
783 1414 803 1475 l
818 1416 913 1488 agitur
929 1415 1042 1488 (fragm.
1059 1416 1155 1490 Chrys„
1174 1411 1359 1474 115-118.

187 1507 221 1565 ci.
243 1507 333 1564 Zellor
352 1507 395 1562 ΠΙ
412 1504 428 1565 1
445 1524 472 1579 p.
497 1504 582 1579 168).
621 1506 694 1575 Quin
714 1505 799 1562 etiam
814 1505 866 1562 fati
891 1505 1026 1574 definitio,
1051 1521 1123 1578 quae
1147 1504 1241 1562 eodem
1266 1503 1360 1576 capite

187 1598 303 1654 exeunte
328 1595 482 1665 exhibetur,
511 1613 572 1652 curn
598 1595 771 1668 Chrysippea
800 1595 870 1651 bene
903 1594 1026 1652 concinit
1060 1594 1107 1667 (cf.
1132 1593 1235 1666 fragm.
1260 1591 1358 1666 Chrys.

187 1681 328 1754 41-44,
353 1681 406 1753 46,
432 1680 497 1758 50).

278 1801 358 1869 Quod
383 1801 418 1857 ad
442 1817 505 1872 cap.
532 1797 550 1858 5
575 1800 692 1869 attinet,
716 1817 751 1856 ne
774 1799 828 1857 hoc
851 1799 964 1872 quidem
994 1799 1138 1872 discrepat
1162 1816 1179 1856 a
1203 1798 1361 1856 Stoicorum

188 1889 383 1961 sophismatis.
429 1889 505 1947 Nam
529 1889 568 1945 ibi
592 1890 707 1946 docetur
736 1906 792 1946 non
817 1888 910 1946 omnia
933 1888 992 1945 fato
1016 1887 1086 1958 fieri,
1111 1887 1160 1946 sed
1184 1888 1277 1946 omnia
1300 1887 1360 1944 fato

188 1979 324 2037 contineri
353 1978 401 2050 (cf.
431 1978 487 2036 Cic.
519 1978 552 2034 de
585 1978 637 2035 fat.
674 1975 728 2047 12,
758 1975 800 2037 28
816 1995 874 2049 sq.;
908 1977 997 2034 Zeller
1020 1978 1063 2034 III
1076 1970 1109 2036 1⁸
1132 1995 1160 2050 p.
1195 1974 1256 2038 167
1273 1977 1359 2050 sqq.).

189 2069 283 2125 Simile
317 2067 458 2125 decretum
488 2084 551 2140 cap.
581 2065 600 2127 6
630 2068 740 2124 exstare
768 2067 873 2124 Gerclre
908 2066 985 2123 haud
1007 2066 1108 2124 inscite
1137 2065 1283 2124 admonuit
1311 2065 1359 2138 (cf.

189 2157 336 2231 Chrysipp.
362 2175 389 2229 p.
415 2155 502 2229 696).
549 2156 695 2213 Hactenus
725 2155 758 2212 de
787 2155 915 2228 opusculi
940 2155 1042 2213 Stoicis
1066 2155 1204 2228 vestigiis.

277 2273 388 2345 Agmen
411 2272 534 2330 locorum
563 2288 633 2344 quos
657 2273 802 2343 excerptos
831 2288 893 2328 esse
921 2272 1054 2343 putamus
1078 2271 1216 2328 claudant
1238 2269 1360 2328 bustula

188 2380 221 2418 ex
250 2361 499 2433 Peripateticis
533 2360 645 2418 scriniis
677 2360 797 2432 direpta.
843 2359 918 2416 Nam
951 2360 1093 2432 capitibus
1117 2358 1212 2421 6-8
1242 2361 1361 2418 colorem

188 2450 401 2508 Aristotelicum
419 2450 585 2523 impressum
609 2466 671 2507 esse
694 2466 784 2518 nemo,
809 2448 857 2522 qui
880 2448 1086 2522 aliquantisper
1108 2449 1138 2506 in
1161 2449 1245 2506 huius
1268 2448 1360 2522 philo-

189 2540 270 2612 sophi
294 2539 435 2597 soribeudi
458 2555 548 2612 genus
572 2556 602 2596 se
624 2538 828 2607 insinuaverat,
854 2537 945 2594 adhuc
967 2538 1092 2611 negav't.
1129 2538 1168 2595 Ut
1191 2537 1360 2610 gravissima

189 2629 344 2700 attingam,
369 2628 432 2701 quis
461 2644 516 2684 uon
547 2627 698 2700 perspiciet
726 2644 759 2683 ea
787 2628 896 2683 scatere
928 2626 1084 2684 notissimis
1112 2627 1276 2686 Aristotelis
1303 2626 1361 2683 for-

188 2717 281 2786 mulis,
307 2717 406 2790 quales
430 2719 511 2774 suni:
536 2719 564 2770 τὸ
587 2718 632 2785 ἐφ’
658 2718 731 2785 ἡμῖν,
759 2716 787 2769 τὸ
806 2718 927 2780 δυνατόν,
951 2717 979 2769 τὸ
997 2718 1179 2785 ἐνδεχόμενον,
1207 2718 1223 2786 ἦ
1243 2718 1361 2784 δύναμις,

190 2809 206 2875 ἦ
226 2808 311 2869 οὐσία,
330 2807 346 2874 ἡ
365 2808 424 2875 ὕλη,
443 2807 675 2874 τὸάντικείμενον,
694 2806 736 2857 ε’τιὶ
754 2805 782 2857 τὸ
800 2806 876 2869 πολύ,
894 2805 936 2857 ἐπ’
957 2805 1068 2870 ἔλαττον,
1087 2805 1129 2858 ἔπ’
1151 2807 1225 2874 ἴσηςλ
1273 2805 1361 2862 Prae-

187 2896 265 2951 terea
279 2892 365 2950 verba
379 2911 407 2965 p.
424 2891 515 2962 5700,
532 2911 603 2965 quae
618 2910 707 2964 paene
731 2891 768 2948 ad
790 2893 907 2949 verbum
921 2910 938 2949 a
952 2892 1083 2950 Nemesio
1099 2893 1129 2965 (l.
1145 2893 1164 2951 l.
1182 2890 1224 2952 34
1238 2911 1266 2965 p.
1287 2890 1360 2967 136)

189 2984 366 3054 repetuntur,
397 2982 424 3039 in
456 2982 618 3040 memoriam
647 2982 781 3039 revocant
807 2981 970 3039 Aristotelis
1001 2981 1034 3038 de
1065 2982 1184 3039 materia
1214 2984 1242 3039 et
1271 2982 1361 3039 sonna

189 3072 354 3128 doctrinam.
402 3071 494 3140 Quid?
527 3071 668 3143 apertiora
697 3069 798 3127 summi
827 3070 988 3142 philosophi
1015 3071 1138 3144 vestigia
1161 3088 1253 3128 nonne
1277 3087 1361 3128 accu-

188 3161 279 3218 ratius
303 3160 424 3217 intuenti
446 3160 549 3233 ubique
574 3159 686 3217 obviam
709 3158 800 3216 fiunt?
844 3159 887 3215 Ne
911 3160 1017 3216 multus
1047 3160 1099 3218 sim
1123 3160 1152 3217 in
1176 3177 1205 3217 re
1229 3159 1360 3232 simplici,

189 3249 258 3306 haec
275 3249 398 3307 frustula
420 3249 477 3307 sive
497 3267 559 3307 cum
583 3266 668 3306 sensu
691 3248 839 3306 vorborum
859 3248 1012 3321 Stagirites
1036 3249 1095 3306 sive
1118 3266 1181 3306 cum
1205 3249 1275 3322 ipsis
1298 3266 1361 3307 ver-

189 3338 233 3396 bis
257 3338 441 3412 congruentia
464 3338 644 3410 comparabo.

256 3481 289 3537 de
313 3480 373 3537 fato
397 3479 431 3540 6:
465 3481 494 3534 τὸ
521 3482 654 3550 γινόμενον
681 3482 749 3534 ἅπαν
865 3476 1362 3552 Aristot.metaplr.Val.1049b

191 3571 267 3639 καὶὴ
286 3571 382 3639 γένεσις
397 3569 461 3638 αὐτὴ
477 3570 508 3623 οὗ
527 3572 587 3638 δίχα
602 3570 748 3637 δυνάμεως,
805 3564 847 3626 24
857 3585 915 3640 sq.:
936 3570 976 3622 ἀεί
990 3569 1039 3638 γὰρ
1053 3570 1084 3622 ἐκ
1099 3577 1144 3622 τοῦ
1163 3570 1271 3638 δυνάμει
1290 3572 1363 3628 ὄντος

189 3660 205 3727 ἦ
229 3659 258 3712 δὲ
279 3660 388 3726 δύναμις
407 3659 456 3711 ούκ
476 3658 538 3712 ἄνευ
557 3659 654 3717 οὐσίας.
686 3660 749 3714 Οἷον
803 3660 911 3726 γίγνεται
934 3659 963 3711 τὸ
985 3659 1098 3727 ἐνεργείᾳ
1121 3659 1151 3712 ὃν
1173 3659 1225 3712 ύτιδ
1250 3659 1363 3727 ἐνεργείᾳ

189 3748 334 3816 ἀνθρώπου
366 3750 415 3800 εἴτε
447 3748 543 3816 γένεσις
570 3748 620 3800 εἴτε
644 3747 749 3816 γενητὸν
804 3749 884 3811 ὄντος,
899 3748 954 3801 οἷον
963 3749 1105 3815 ἅνδρωτιος
1120 3748 1149 3810 ἒξ
1162 3747 1362 3816 ἀνθρώπου...

189 3837 239 3889 οὐκ
267 3837 329 3889 ἄνευ
357 3836 508 3903 δυνάμεως·
542 3837 607 3905 αὕτη
636 3835 664 3889 δὲ
690 3837 749 3904 περί
803 3836 914 3904 Εἴρηται
937 3837 963 3889 δ’
984 3837 1012 3889 ἐν
1039 3844 1091 3894 τοῖς
1117 3836 1177 3903 περὶ
1202 3843 1247 3904 τῆς
1273 3835 1363 3893 οὐσίας

189 3926 341 3994 ἅνδρωπον,
356 3925 430 3978 οὐσία
450 3924 479 3978 δὲ
497 3925 675 3993 δᾶνδρωιτος.
689 3924 749 3977 llud
802 3926 900 3993 λόγοις,
923 3927 960 3978 δτι
983 3927 1052 3978 ἅπαν
1070 3924 1098 3977 τὸ
1116 3925 1264 3994 γιγνόμενον
1282 3924 1363 3992 γίγνε-

189 4013 218 4066 δὲ
246 4021 290 4082 τῆς
325 4014 462 4081 δυνάμεως
493 4013 590 4080 μεταξύ
619 4014 700 4081 οὔσης
731 4013 747 4081 ἡ
803 4034 842 4066 ται
870 4015 900 4066 ἔκ
929 4016 996 4072 τινός
1019 4035 1041 4066 τι
1064 4013 1111 4067 καὶ
1133 4015 1185 4066 ύπό
1209 4033 1289 4077 τινος,
1317 4012 1363 4065 καί

188 4101 236 4168 μὲν
250 4102 325 4156 οὐσία
340 4102 492 4168 δυνάμενον,
511 4103 527 4170 ἦ
547 4102 576 4155 δὲ
594 4102 689 4171 γένεσις
703 4101 749 4154 καί
803 4110 878 4156 τοῦτο
896 4110 933 4170 τῷ
951 4104 1012 4155 εἴδει
1031 4102 1060 4154 τὸ
1078 4102 1149 4155 αύτό.

189 4189 217 4240 τὸ
235 4190 368 4258 γινόμενον
386 4191 471 4260 ἄμφω
490 4191 586 4244 δυνατοί
588 4231 699 4243 .....

264 4315 322 4366 Τῶν
345 4314 374 4367 δὲ
392 4316 511 4368 δυνατῶν
535 4314 565 4368 τὰ
582 4315 631 4382 μὲν
649 4315 698 4368 οὐκ
718 4315 750 4368 ἂν
871 4313 926 4371 eth.
950 4313 1060 4371 Nicom.
1085 4313 1128 4371 ΙΙΙ
1153 4308 1172 4372 5
1196 4330 1225 4385 p.
1254 4310 1364 4373 lll2a

189 4404 325 4471 κωλυθείη
343 4404 412 4467 ποτέ,
432 4405 520 4471 ὥσπερ
539 4403 570 4456 τὰ
588 4404 648 4456 κατ’
669 4404 749 4471 ούρα-
804 4400 914 4474 218113
938 4405 1007 4472 Περί
1033 4404 1063 4458 δὲ
1089 4411 1142 4456 τῶν
1160 4402 1254 4457 ἀϊδίων
1278 4403 1364 4462 οὐδεὶς

189 4491 234 4543 νδν
247 4491 368 4545 ἀνατολαὶ
381 4492 426 4544 καὶ
441 4493 526 4550 δύσεις
541 4493 586 4546 καὶ
601 4492 631 4546 τὰ
650 4493 749 4551 τούτοις
802 4493 966 4561 βουλεύεται,
991 4493 1046 4545 οίον
1069 4492 1129 4560 περὶ
1152 4500 1197 4546 τοῦ
1220 4494 1323 4560 κόσμον
1346 4491 1364 4558 ἢ
