3210 5010
699 318 898 380 ..9-

210 491 341 558 ραμύθια·
356 490 401 542 καὶ
416 489 460 548 τὰς
469 490 547 542 πάλαι
556 490 713 556 ποιουμένας
728 490 773 542 ἀν·

212 579 402 646 θρωποθυσιάς
430 579 489 630 οὔτε
517 577 597 636 θεοὺς
622 579 772 645 ἀπαιτεῖνῆ

210 667 403 735 προσδέχεσθαι
412 668 525 719 πιθανόν
535 667 612 731 ἐστιν,
622 668 681 720 οὔτε
689 668 774 736 μάτην

212 756 244 808 ἀν
271 756 390 823 ἐδέχοντο
417 757 530 824 βασιλεῖς
558 757 603 808 καὶ
629 758 774 824 στρατηγοί,

212 846 306 902 παῖδας
321 845 408 896 αὑτῶν
423 845 578 903 ἐπιδιδόντες
588 845 633 897 καὶ
643 846 774 913 καταρχό-

212 954 285 1000 μενοι
308 933 353 984 καὶ
376 933 543 1000 σφάττοντες,
567 933 631 986 ἀλλὰ
653 935 775 1002 χαλεπῶν

215 1022 259 1074 καὶ
278 1023 432 1088 δυστρόπων
447 1021 525 1090 ὀργὰς
544 1023 589 1075 καὶ
607 1024 775 1091 βαρυθυμίας

214 1110 399 1178 ἀφοσιούμενοι
423 1110 468 1162 καί
487 1111 694 1179 ἀποπιμπλάντες
713 1112 775 1164 ἀλα-

215 1201 328 1266 στόρων·
349 1199 425 1251 ε’νίων
440 1199 469 1252 δὲ
481 1199 609 1267 μανικοὺς
623 1200 669 1252 καὶ
684 1202 776 1267 τυραν-

215 1287 304 1346 νικοὺς
335 1289 447 1355 ἔρωτας,
475 1289 506 1340 ού
535 1288 688 1355 δυναμένων
716 1288 777 1342 οὐδὲ

183 1391 189 1400 ·
215 1376 384 1445 βουλομένων
398 1377 502 1443 σώμασι
521 1377 566 1429 καὶ
585 1377 628 1430 διὰ
647 1377 777 1444 σωμάτων

216 1466 320 1532 ὁμιλεῖν.
351 1465 416 1518 Ἀλλ’
438 1466 526 1532 ὥσπερ
543 1467 679 1534 Ἡρακλῆς
696 1467 777 1534 Οἰχα-

216 1556 272 1607 λίαν
295 1554 441 1621 ἐπολιόρκει
464 1552 506 1606 διὰ
529 1554 674 1622 παρθένον,
694 1555 778 1613 οὕτως

221 1643 323 1711 ἰσχυροί
337 1643 382 1695 καί
392 1644 471 1711 βίαιοι
486 1644 615 1709 δαίμονες,
629 1643 777 1711 ε’ξαιτούμε-

216 1754 256 1785 νοι
281 1732 373 1800 ψυχήν
396 1732 568 1800 ἀνθρωπίνην
591 1732 779 1800 περιεχομένην

218 1822 326 1888 σώματι,
345 1821 390 1873 καὶ
412 1820 455 1873 διὰ
478 1821 609 1888 σωμάτων
632 1821 729 1888 ὁμιλεῖν
747 1821 778 1874 ού

220 1910 358 1977 δυνάμενοι
386 1910 465 1977 ταύτῃ
472 1951 478 1973 ,
506 1910 612 1977 λοιμούς
640 1931 667 1962 τε
691 1911 779 1962 πόλεσι

219 1998 264 2051 καὶ
294 2007 341 2067 γῆς
366 1998 480 2065 ἀφορίας
505 1998 642 2067 ἐπάγουσι,
665 1999 710 2052 καὶ
732 2021 780 2052 πο·

217 2089 312 2155 λέμους
331 2087 376 2139 καί
397 2086 497 2145 στάσεις
511 2087 686 2154 ταράττουσιν,
705 2089 781 2156 ἀχρις

218 2177 250 2229 οὗ
278 2176 379 2245 λάβωσι
407 2176 453 2228 καὶ
482 2176 596 2243 τύχωσιν
622 2177 654 2230 ού
677 2177 780 2245 ἐρῶσιν,

219 2280 242 2321 c.
269 2261 318 2322 13.
349 2267 376 2316 οἱ
400 2265 534 2331 δαιμόνων
561 2266 632 2333 γένος
655 2266 693 2334 μή
717 2267 781 2319 ἀπο-

828 490 960 552 τοιούτοις,
978 490 1023 542 καὶ
1043 491 1213 559 τυγχάνουσαι
1227 490 1293 558 πρὸς
1311 490 1388 543 οὐδὲν

828 579 891 631 ἀλλο
908 587 996 646 χεῖρον
1015 579 1161 646 τρέπονται’
1182 578 1241 639 τούς
1260 578 1288 632 δέ
1305 601 1387 647 χρησ-

829 667 888 726 τούς
910 668 986 720 πάλιν
1009 668 1054 719 καὶ
1077 667 1193 736 ἀγαθούς
1216 671 1234 721 ό
1252 690 1277 721 τε
1297 669 1387 721 Ἡσίο-

829 758 874 814 δος
888 755 981 824 ἁγνούς
1000 758 1125 823 δαίμονας
1139 757 1184 809 καὶ
1203 758 1325 824 φύλακας
1343 756 1388 809 ἀν-

829 845 950 912 θρώπων
960 847 1147 913 προσαγορεύει
1160 847 1333 903 πλουτοδότας
1343 845 1389 898 καὶ

808 984 814 994 ,
830 942 905 986 τοῦτο
924 933 1000 1002 γέρας
1017 934 1153 1003 βασιλήιον
1171 936 1283 1002 ἔχοντας.
1311 935 1389 988 Ὅτε

830 1024 944 1077 Πλάτων
961 1024 1147 1091 ἑρμηνευτικὸν
1161 1024 1189 1076 τό
1203 1030 1318 1076 τοιοῦτον
1331 1023 1389 1074 όνο-

829 1113 905 1179 μάζει
928 1114 1000 1180 γένος
1023 1113 1068 1165 καὶ
1088 1114 1251 1175 διακονικόν,
1272 1112 1299 1163 έν
1316 1111 1389 1178 μέσῳ

830 1203 903 1255 θεῶν
921 1203 966 1254 καὶ
985 1202 1150 1268 ἀνθρώπων,
1173 1201 1252 1270 εύχάς
1270 1200 1318 1268 μὲν
1336 1201 1395 1252 ε’κεῖ

831 1291 876 1343 καὶ
895 1291 995 1358 δεήσεις
1014 1290 1167 1357 ἀνθρώπων
1185 1290 1390 1357 ἀναπέμποντας,

832 1379 934 1432 ἐκεῖθεν
957 1378 986 1431 δὲ
1009 1387 1115 1445 μαντεῖα
1135 1382 1213 1447 δεῦρο
1236 1378 1281 1431 καὶ
1307 1380 1391 1435 δόσεις

834 1469 943 1536 ἀγαθῶν
958 1468 1093 1536 φέροντας.
1110 1469 1289 1535 Ἐμπεδοκλῆς
1304 1466 1391 1520 δὲκαὶ

833 1560 909 1616 δίκας
924 1558 989 1626 φησὶ
1006 1558 1104 1610 διδόναι
1123 1557 1183 1616 τοὺς
1201 1559 1334 1625 δαίμονας,
1353 1556 1392 1609 ῶν

834 1650 865 1702 ἂν
883 1647 1049 1713 ἐξαμάρτωσι
1063 1648 1109 1700 καὶ
1127 1647 1355 1715 πλημμελήσωσιν.

218 2355 347 2411 λείποντες
367 2394 372 2404 .
389 2395 395 2406 .
411 2393 438 2404 ..
463 2352 509 2422 τήν
528 2355 724 2423 ἑρμηνευτικὴν,
744 2355 782 2414 ῶς
852 2410 854 2415 ,

219 2442 333 2497 Πλάτων
353 2443 449 2509 ἔλεγεν,
473 2442 518 2494 καὶ
537 2443 691 2511 διακονικὴν
709 2445 782 2498 ἀναι-

220 2539 295 2598 ροῦσι
314 2531 401 2599 φύσιν.
427 2531 454 2586 et
475 2530 549 2587 infra
572 2532 637 2591 Τούς
661 2533 689 2585 δὲ
714 2533 782 2587 πάνυ

219 2627 322 2688 σεμνῶς
350 2621 365 2671 ό
390 2622 513 2678 Ἡσίοδος
541 2620 634 2689 ἁγνοὺς
659 2630 783 2689 προσεῖπε

219 2710 395 2767 πλουτοδότας
409 2709 455 2762 καὶ
469 2717 544 2761 τοῦτο
558 2710 634 2777 γέρας
648 2711 784 2779 βασιλήιον

221 2799 336 2866 ἔχοντας.
374 2813 398 2854 c.
425 2795 475 2856 16.
505 2798 533 2850 τὸ
556 2797 585 2851 δὲ
608 2808 660 2857 τοῖς
679 2802 783 2867 δαίμοσι

221 2889 336 2951 τούτοις,
361 2887 471 2955 μσνουχί
490 2888 589 2955 ῥάγδην
607 2889 784 2957 λαμβάνοντας

221 2978 315 3030 ἐκτῶν
329 2977 401 3029 ε’πῶν
415 2985 467 3030 τῶν
475 2977 690 3044 Ἐμπεδοκλέους,
701 2978 785 3045 ἁμαρ-

224 3068 279 3124 τιάς
295 3067 340 3118 καὶ
354 3067 416 3125 ἄτας
431 3066 475 3118 καί
489 3066 586 3123 πλάνας
598 3106 602 3117 .
615 3106 637 3117 ..
653 3066 786 3134 ἐπιφέρειν

224 3155 389 3222 θρασύτερον
407 3155 527 3222 ἡγοῦμαι.

311 3249 412 3306 Nonne
436 3250 468 3306 de
493 3249 546 3307 def.
572 3267 610 3311 er.
638 3251 799 3324 fragmenta
827 3253 964 3325 quaedam
989 3250 1155 3307 Xenocratis
1184 3250 1245 3307 sine
1273 3248 1397 3305 aucturis

222 3339 334 3396 nemine
357 3356 447 3410 paene
471 3338 508 3395 ad
531 3339 646 3396 verbum
669 3341 811 3413 exscripta
835 3340 1086 3413 deprehendimus?
1131 3339 1193 3395 Hae
1221 3356 1249 3395 re
1274 3337 1397 3409 suspicio

223 3429 350 3485 movetur
373 3428 509 3500 reliquam
533 3445 643 3500 quoque
665 3428 868 3501 disputationis
892 3431 1000 3502 partem
1024 3428 1053 3486 in
1077 3446 1133 3500 qua
1157 3429 1190 3484 de
1214 3425 1398 3484 daemonibus

224 3516 320 3589 agitur
341 3516 508 3574 Xenocratis
532 3517 707 3589 argumentis
736 3520 763 3575 et
788 3519 881 3576 verbis
906 3519 1060 3575 abundare.
1107 3518 1199 3589 Atque
1223 3533 1252 3572 re
1275 3532 1341 3572 vera
1365 3515 1398 3571 de

224 3607 262 3662 le.
288 3603 340 3674 25,
364 3605 413 3661 ubi
437 3605 497 3662 eius
521 3606 624 3662 mentio
648 3606 774 3676 inicitur,
799 3608 866 3665 mire
891 3625 953 3664 eum
976 3607 1084 3678 reliqua
1108 3605 1141 3661 de
1165 3605 1219 3662 del.
1245 3622 1284 3662 er.
1308 3604 1399 3661 libelli

224 3694 438 3767 daemenelegia
462 3694 611 3751 censent't.
658 3695 719 3751 Hes
743 3714 852 3769 queque
875 3697 953 3752 luces
977 3695 1104 3752 afferam.

291 3801 325 3858 de
349 3801 403 3858 def.
432 3798 480 3860 15.
514 3802 566 3855 Καὶ
592 3802 646 3871 μήν
671 3805 733 3861 ὅσας
758 3806 784 3856 ἔν
905 3804 938 3859 de
962 3806 1001 3860 IS.
1027 3799 1078 3861 25.
1113 3803 1220 3856 Βέλτιον
1246 3804 1292 3855 οὗν
1317 3803 1344 3853 οἱ
1370 3801 1399 3852 τὰ

224 3914 251 3945 τε
259 3893 356 3960 μύθοις
366 3892 411 3944 καὶ
421 3892 512 3958 ὕμνοις
519 3891 619 3959 λέγουσι
630 3892 675 3944 καὶ
685 3893 785 3958 ᾄδουσι,
837 3895 897 3961 περὶ
911 3895 954 3947 τὸν
972 3895 1087 3960 Τυφῶνα
1102 3892 1147 3944 καὶ
1157 3892 1263 3958 Ὄσιριν
1277 3890 1322 3942 καί
1336 3890 1400 3942 Ἶσιν

225 3989 299 4033 τοῦτο
317 3980 365 4048 μὲν
385 3979 515 4048 ἁρπαγὰς,
539 3988 614 4032 τοῦτο
637 3980 666 4032 δὲ
688 3980 785 4039 πλάνας
839 3983 1021 4050 ἱστορούμενα,
1048 3982 1112 4049 μήτε
1146 3983 1217 4033 θεῶν
1247 3979 1399 4046 παθήματα,

225 4070 309 4133 θεῶν,
332 4070 445 4136 κρύιμεις
469 4089 495 4120 τε
514 4068 559 4120 καί
573 4067 658 4137 φυγὰς
677 4069 722 4120 καὶ
740 4069 785 4121 λα·
838 4072 900 4139 μήτ’
922 4072 1084 4138 ἀνθρώπων,
1098 4069 1162 4122 ἀλλὰ
1176 4070 1308 4136 δαιμόνων
1321 4067 1399 4136 μεγά-

226 4159 319 4224 τρείας,
338 4157 369 4209 οὗ
389 4158 461 4209 θεῶν
481 4157 552 4219 εἰσιν,
571 4156 634 4209 ἀλλὰ
653 4158 786 4223 δαιμόνων
839 4162 893 4213 λων
911 4160 975 4214 εἶναι
989 4163 1144 4226 νομίζοντες,
1163 4160 1209 4217 οθς
1227 4157 1272 4210 καὶ
1286 4156 1400 4210 Πλάτων

225 4246 382 4313 παθήματα,
405 4246 450 4298 καὶ
470 4246 544 4313 τύχαι
561 4246 785 4314 μνημονευόμεναι
840 4250 885 4303 καί
899 4251 1062 4319 Πυθαγόρας
1077 4249 1121 4300 καί
1138 4246 1340 4314 Ξενοκράτης
1354 4245 1399 4297 καί

227 4342 355 4411 δι’ἀρετήν
365 4343 409 4395 καὶ
420 4343 528 4410 δύναμιν
542 4342 641 4395 αὐτῶν·
666 4338 714 4400 13.
728 4344 785 4395 Πα-
840 4340 1008 4406 Χρύσιππος,
1032 4338 1152 4404 ἑπόμενοι
1171 4344 1223 4393 τοῖς
1242 4335 1319 4388 πάλαι
1338 4335 1399 4387 θεο-

226 4431 352 4498 ράδειγμα
377 4431 406 4484 δὲ
433 4440 470 4499 τῷ
497 4432 566 4500 λόγῳ
593 4431 786 4499 Ξενοκράτης
812 4436 814 4445 “
840 4430 937 4497 λόγοις,
961 4426 1200 4496 ἐρρωμενεστέρους
1222 4425 1270 4491 μὲν
1293 4423 1400 4491 ἀνθρώ-

225 4519 286 4588 μὲν,
309 4520 486 4579 όΠλάτωνος
508 4521 622 4588 ἑταῖρος,
649 4519 786 4587 ἐποιήσατο
839 4538 898 4570 πων
921 4517 1050 4586 γεγονέναι
1072 4515 1173 4584 λέγουσι
1196 4515 1242 4567 καί
1264 4513 1347 4581 πολλῇ
1370 4520 1401 4580 τῇ
1438 4586 1441 4591 Ι
