3210 5010
685 339 907 400 ..21...

212 516 273 573 Hoc
295 516 426 574 naturale
449 534 548 590 genus,
573 518 648 590 quod
671 535 688 574 a
711 517 863 576 Plutarcho
886 535 910 576 c.
935 516 979 578 lo
1002 518 1182 588 describitur,
1206 519 1251 576 hic
1275 519 1386 577 Stoicus

211 605 253 662 ita
267 604 379 662 definit:
403 605 436 661 de
456 605 510 663 div.
527 606 549 675 Ι,
566 604 617 675 57,
635 600 743 679 1291):
767 601 805 664 ’.Α
827 609 931 664 natura
954 609 1048 664 autem
1072 607 1129 664 alia
1153 609 1290 680 quaedam
1314 609 1386 666 ratio

213 695 269 759 est,
299 711 371 766 quae
399 694 479 751 docet
507 697 615 766 quanta
642 695 680 753 sit
708 694 793 752 animi
821 696 864 753 vis
893 696 1020 753 seiuncta
1048 714 1065 752 a
1096 697 1221 769 corporis
1245 697 1385 766 sensibus,

213 782 288 854 quod
306 782 425 840 maximo
445 783 564 856 contigit
583 787 633 841 aut
652 784 854 842 dormientibus
878 787 929 842 aut
952 787 1042 842 mente
1066 785 1209 858 permotis.
1251 786 1290 843 Ut
1314 786 1385 842 enirn

214 871 327 928 deorum
351 871 437 928 animi
461 871 521 929 sInc
544 872 644 942 oculis,
669 873 729 930 siue
753 873 965 943 auduussine
988 874 1088 947 lingua
1111 874 1238 932 sentiunt
1260 875 1334 932 inter
1357 892 1387 932 se

213 959 279 1031 quid
308 960 426 1032 quisque
454 961 560 1018 sentiat
584 1005 674 1031 ....,
699 961 740 1019 sic
769 962 855 1019 animi
879 962 1034 1032 hominum,
1060 979 1122 1020 cum
1147 966 1197 1021 aut
1219 980 1317 1021 somno
1341 980 1387 1021 so-

214 1049 266 1106 luti
291 1051 395 1106 vacant
418 1065 533 1121 corpore
557 1052 607 1107 aut
630 1052 722 1107 mente
744 1051 862 1123 permoti
886 1068 937 1123 per
960 1069 989 1108 se
1013 1051 1069 1124 ipsi
1091 1051 1172 1108 liberi
1195 1052 1306 1109 incitati
1329 1069 1388 1109 mo-

213 1141 328 1206 ventur,
362 1140 479 1196 11111111
502 1157 549 1208 ea,
582 1157 654 1211 quae
687 1139 815 1212 permixti
849 1157 910 1197 cum
943 1157 1058 1212 corpore
1091 1141 1177 1198 animi
1208 1140 1300 1198 videre
1332 1157 1388 1198 non

213 1226 353 1299 possunt.’
399 1227 478 1284 Haec
505 1228 599 1285 omnia
627 1245 689 1285 cum
717 1245 773 1286 non
797 1229 968 1286 dissentiant
992 1248 1009 1286 a
1032 1230 1176 1287 Plutarchi
1199 1230 1306 1298 verbis,
1331 1229 1388 1286 alia

214 1333 323 1389 quoque
346 1316 432 1373 verba
456 1316 596 1374 Ciceronis
624 1317 728 1389 optIme
756 1319 887 1390 spectant
915 1319 951 1375 ad
978 1318 1043 1376 illas
1070 1321 1162 1376 terrae
1186 1318 1388 1387 exhalationem

215 1405 318 1477 quibus
346 1407 421 1478 apud
449 1405 632 1463 Plutarchum
662 1406 798 1464 divinatio
828 1409 963 1464 movetur.
1009 1406 1084 1464 Nam
1114 1407 1133 1465 1.
1158 1408 1177 1464 1.
1202 1408 1229 1476 1,
1254 1405 1306 1477 36,
1333 1405 1388 1467 79:

223 1495 250 1551 di
278 1494 470 1563 Immortales’,
499 1495 590 1567 lnquit
618 1495 739 1564 Quintus
768 1495 879 1553 Stoicae
909 1495 1052 1554 doctrinae
1087 1496 1229 1565 defensor,
1264 1490 1331 1568 ‘ipsi
1359 1513 1389 1552 se

214 1585 296 1642 nobis
320 1602 376 1641 non
401 1585 536 1652 offerunt,
560 1584 615 1641 vim
640 1586 734 1641 autem
758 1602 839 1641 suam
862 1585 947 1658 longe
970 1585 1082 1657 lateque
1106 1585 1279 1653 diffundunt,
1305 1602 1389 1657 quam

214 1678 274 1733 tum
297 1676 389 1730 terrac
413 1673 540 1730 cavensis
563 1672 727 1742 iucludunt,
751 1676 811 1731 tum
835 1674 977 1731 hominum
1000 1674 1110 1731 naturis
1134 1674 1295 1746 Implicant3
1324 1691 1390 1730 nam

213 1767 305 1821 torrae
328 1764 371 1821 vis
395 1762 525 1836 Pythiam
549 1762 667 1834 Delphis
690 1762 840 1832 inaltabat,
864 1765 984 1820 naturae
1008 1763 1155 1836 Sibyllam.
1201 1763 1275 1832 Quid
1298 1762 1391 1819 enim?

213 1870 270 1910 non
293 1851 434 1921 videmus,
459 1869 543 1923 quam
568 1851 626 1909 sint
648 1851 728 1908 varia
751 1854 889 1909 terrarum
912 1855 1035 1925 genera?
1059 1869 1091 1909 ex
1115 1852 1218 1924 quihus
1242 1851 1390 1909 11111111-

214 1942 274 1999 fera
298 1942 436 2014 quaedem
459 1958 527 2012 pars
552 1942 604 2009 est,
628 1943 660 1997 ut
684 1943 711 1998 ot
729 1941 898 2013 Ampsancti
921 1940 950 1998 in
973 1940 1101 2013 Hirpinis
1125 1943 1153 1998 et
1176 1941 1205 1998 iu
1228 1940 1299 1998 Asia
1322 1940 1390 1997 Pln-

214 2031 293 2088 tonia
326 2049 398 2103 quae
425 2029 545 2086 vidimus
576 2031 604 2086 et
631 2032 698 2086 sunt
725 2032 822 2102 partes
846 2047 977 2103 agromm
1009 2030 1082 2087 aliae
1104 2030 1283 2102 pestilentes,
1318 2029 1391 2086 aliae

216 2120 359 2189 salubres,
384 2119 457 2176 aliae
481 2136 552 2190 quae
577 2121 661 2175 acuta
684 2119 799 2192 ingenia
822 2119 957 2192 gignant,
984 2119 1040 2176 alia
1069 2136 1140 2191 quae
1163 2122 1294 2176 retunsa:
1319 2136 1390 2190 quae

216 2209 310 2266 omnia
333 2209 405 2265 fiunt
428 2226 461 2265 ex
484 2208 554 2264 caeli
578 2208 714 2265 varietate
743 2210 770 2265 et
798 2225 830 2264 ex
853 2208 982 2281 disparili
1011 2208 1202 2280 adspiratione
1234 2207 1390 2265 terrarum'.

216 2298 349 2354 Similiter
364 2297 494 2366 Quintae,
509 2299 662 2369 postquam
677 2298 710 2353 de
724 2297 876 2354 fumibunda
894 2296 1109 2355 vaticinantInm
1134 2299 1225 2354 mente
1248 2296 1390 2366 disseruit,

215 2387 234 2444 l.
254 2387 274 2444 l.
296 2384 346 2455 50,
370 2384 432 2446 115
451 2385 558 2459 pergin
582 2380 680 2442 ‘Credo
704 2385 790 2443 etiam
813 2386 955 2444 anhelitus
971 2387 1108 2459 quosdam
1130 2386 1218 2444 fuisse
1241 2388 1389 2454 terrarum,

216 2475 318 2548 quibus
341 2475 457 2532 inflatae
481 2477 588 2532 mentes
612 2475 707 2531 oracla
730 2474 897 2532 funderent.5
944 2475 1133 2543 Quibuscum
1157 2474 1297 2532 Tullianis
1321 2474 1391 2531 locis

216 2565 284 2622 mire
312 2565 473 2636 conspirare
501 2564 587 2620 verba
615 2564 761 2621 Plutarchi
789 2565 822 2621 de
850 2564 903 2621 del.
937 2581 976 2621 or.
1006 2562 1048 2624 40
1076 2582 1104 2636 p.
1135 2559 1218 2623 1132(1
1241 2563 1303 2636 quis
1333 2580 1390 2620 non

215 2653 384 2726 perspiciet?
431 2653 502 2721 Quin
536 2652 620 2709 etiarn
652 2653 704 2710 illa
736 2653 874 2725 quaestio,
908 2671 980 2725 quae
1003 2653 1164 2710 Plutarchei
1192 2653 1257 2709 libri
1281 2670 1391 2710 summa

216 2745 272 2811 est,
305 2743 380 2815 apud
404 2742 561 2799 Ciceronem
587 2742 682 2799 eodem
714 2743 795 2799 modo
826 2741 983 2813 explicatur
1010 2742 1030 2799 l.
1059 2742 1078 2799 1.
1110 2740 1164 2811 19,
1195 2739 1251 2801 38:
1281 2735 1391 2798 ‘Potest

216 2835 309 2889 antem
329 2832 371 2889 vIs
390 2831 440 2888 illa
462 2834 554 2888 terrae
578 2848 649 2904 quae
677 2833 798 2888 mentem
821 2831 939 2905 Pythiae
968 2831 1061 2887 divino
1085 2831 1194 2888 adflatu
1211 2831 1390 2911 concitabat,

217 2920 365 2978 evanuisse
384 2922 535 2989 vetustate,
556 2922 588 2978 111
611 2921 749 2992 quosdam
769 2921 917 2978 evanuisse
941 2922 969 2977 11
992 2920 1135 2977 exaruisse
1159 2937 1255 2977 amnes
1279 2921 1330 2977 aut
1361 2919 1390 2975 in

216 3010 303 3067 alium
335 3027 446 3067 cursum
480 3011 624 3067 contortos
652 3012 680 3066 et
708 3009 828 3067 deflexos
861 3009 996 3066 videmns’
1022 3009 1069 3081 (cf.
1098 3009 1174 3066 Plnt.
1204 3009 1237 3065 de
1270 3008 1324 3066 def.
1349 3024 1389 3066 or.

306 3187 406 3244 Omnia
421 3187 508 3260 igitur
521 3187 691 3244 Plutarchea
706 3187 809 3259 optime
825 3188 967 3259 quadrant
981 3187 1017 3243 ad
1027 3187 1241 3258 Apameensem.
1265 3186 1390 3260 Psyoho-

216 3276 321 3350 logiam
341 3276 451 3348 quidem
475 3275 618 3332 Posidonii
641 3276 753 3333 novisse
772 3276 955 3332 Plutarchum
974 3275 1160 3333 certissimum
1184 3268 1268 3347 ascl).
1303 3275 1390 3343 Quid-

216 3366 246 3422 ni
268 3365 391 3422 frustula
419 3366 558 3437 quaedam
586 3364 662 3421 illius
686 3364 830 3422 doctrinae
858 3365 887 3422 in
911 3382 992 3422 suum
1015 3382 1098 3422 usum
1122 3363 1307 3422 converterit?
1352 3365 1391 3421 At

217 3453 366 3511 manifesto
395 3455 556 3526 repugnant
583 3454 722 3510 communi
746 3453 902 3511 Stoicorum
930 3455 963 3510 de
991 3454 1087 3510 mundi
1116 3453 1243 3510 lucendio
1267 3455 1295 3510 et
1318 3452 1390 3510 inte-

216 3543 271 3600 ritu
290 3535 444 3614 opInioni3)
461 3542 546 3598 verba
570 3542 672 3614 capitis
692 3539 743 3611 43,
767 3542 870 3614 quibus
894 3545 910 3612 ἡ
929 3553 962 3612 γῆ
980 3544 1062 3602 ἀΐδιος
1081 3544 1126 3597 καὶ
1145 3545 1281 3611 ἄφθαρτος
1300 3541 1390 3599 111111-

215 3634 309 3689 natur.
351 3631 406 3688 Hic
424 3631 452 3688 in
474 3631 633 3688 memoriam
657 3632 843 3688 revocandum
867 3634 910 3689 est
927 3632 1110 3688 Plutarchum
1133 3631 1253 3688 fontium
1277 3647 1389 3688 suorum

215 3721 372 3778 doctrinam
400 3737 456 3777 non
484 3720 521 3776 ad
547 3720 662 3777 verbum
691 3720 888 3792 exscripsisse,
913 3721 962 3778 sed
986 3738 1018 3776 ex
1040 3737 1116 3777 moro
1140 3737 1191 3777 suo
1216 3720 1305 3778 multa
1329 3737 1390 3776 mu-

306 3893 325 3961 1)
344 3893 524 3946 Wachsmuth
543 3893 560 3945 1.
580 3892 596 3945 l.
616 3909 642 3959 p.
662 3893 696 3944 ‘26
707 3907 763 3958 sqq.

297 3965 452 4088 gbh'ragm.
475 3965 508 4016 de
527 3962 607 4017 anim.
627 3964 648 4029 I,
674 3965 734 4031 dp.
759 3964 810 4017 700
834 3964 932 4030 Wytt,
952 3964 986 4016 de
1014 3979 1058 4016 an.
1087 3979 1173 4030 procr.
1202 3962 1231 4016 in
1258 3961 1327 4015 Tim.
1356 3963 1389 4014 22

304 4108 325 4176 3)
345 4107 386 4160 Α1)
410 4108 504 4160 eodem
523 4108 632 4160 decreto
656 4124 690 4160 ne
708 4106 870 4160 Posidonius
894 4105 1003 4172 quidem
1026 4105 1171 4159 aberravit.
1197 4104 1277 4173 Diog.
1298 4106 1390 4158 Laert.

216 4179 289 4243 VIII,
312 4179 370 4230 142.
409 4178 544 4243 Quocum
562 4177 717 4232 testimonio
736 4195 791 4232 non
811 4177 949 4232 discordat
967 4176 1045 4231 Philo
1064 4178 1097 4230 de
1117 4177 1215 4231 incorr.
1235 4176 1329 4230 mundi
1350 4178 1389 4244 15,

215 4255 248 4302 ut
272 4249 365 4303 Hirzel
388 4249 575 4318 (Untersuch.
600 4266 634 4302 zu
658 4248 712 4302 Cic.
736 4249 801 4316 phil.
826 4249 905 4302 Schn'
934 4251 947 4302 Ι
970 4266 995 4317 p.
1023 4248 1153 4317 2⁶25sqq.)
1183 4249 1310 4315 opinatus
1338 4254 1389 4302 est.

216 4321 284 4373 Nam
298 4326 443 4387 postquam
457 4337 473 4373 a
487 4320 635 4387 Bernaysio
654 4321 737 4374 verba
752 4320 860 4389 Βοηθὸς
879 4328 941 4386 γοῦν
959 4319 1004 4372 καὶ
1018 4319 1205 4382 Ποσειδώνιος,
1223 4335 1292 4386 quae
1307 4320 1390 4388 vulgo

216 4392 289 4458 apud
307 4390 447 4444 Philonem
465 4391 639 4459 legebantur,
660 4408 693 4445 ex
713 4391 805 4445 codice
824 4391 944 4445 Mediceo
968 4391 997 4444 in
1016 4390 1124 4458 Βοηθὸς
1147 4398 1209 4458 γοῦν
1227 4392 1243 4442 ὁ
1261 4390 1390 4448 Σιδώνιος

215 4462 436 4588 11151ξὲ1111,
456 4462 646 4531 gravissimum
666 4462 780 4517 Hirzelii
798 4468 991 4532 argumentum
1010 4462 1124 4516 corruit:
1149 4462 1183 4515 cf.
1203 4463 1292 4516 Zeller
1305 4463 1348 4515 ΙΠ
1364 4462 1391 4515 l3

215 4551 241 4603 p.
332 4576 338 4588 .
