3210 5010
306 1396 383 1497 Cum
401 1438 508 1496 nostris
526 1437 701 1510 temporibus
720 1437 876 1509 permultae
895 1436 1050 1509 prodierint
1068 1436 1295 1494 doctissimorum
1317 1436 1391 1494 viro·

215 1547 277 1586 rum
292 1528 551 1597 commentationes,
572 1527 675 1600 quibus
699 1527 882 1584 vetustiorum
898 1526 1032 1583 Graeciae
1056 1525 1285 1598 philosophomm
1309 1543 1391 1598 prae·

216 1619 306 1690 ceptis
336 1635 410 1675 nova
438 1620 465 1674 et
493 1617 595 1674 clarior
626 1617 674 1673 lux
702 1634 734 1672 ox
762 1615 924 1672 recentioris
955 1615 1059 1672 aetatis
1088 1615 1273 1687 scriptoribus
1301 1615 1392 1672 allata

216 1710 272 1777 est,
297 1707 443 1764 Plutarchi
467 1707 574 1778 scripta
598 1723 669 1778 quae
693 1705 812 1762 moralia
841 1705 971 1762 dicuntur
994 1720 1110 1777 prorsus
1133 1705 1265 1778 neglecta
1288 1705 1391 1762 iacent.

216 1798 261 1853 An
285 1796 441 1869 putandum
466 1799 510 1853 est
533 1795 756 1852 Chaeronensem
783 1793 810 1850 in
840 1794 879 1851 eis
904 1793 1119 1866 quaestionibus
1143 1811 1215 1866 quae
1239 1793 1275 1849 ad
1299 1793 1391 1866 philo-

215 1887 343 1958 sophiam
367 1885 509 1959 pertinent
533 1884 566 1941 de
589 1883 739 1941 tritissima
762 1883 923 1955 aequalium
950 1882 1119 1954 scriptorum
1142 1883 1189 1939 via
1213 1882 1391 1940 decedentem

216 1991 266 2032 suo
286 1976 377 2032 Marte
396 1973 625 2047 philosophatum
646 1975 727 2030 esse?
769 1972 860 2030 'Panto
880 1971 986 2044 ingenii
1005 1971 1133 2029 acumine
1151 1988 1208 2029 non
1229 1973 1290 2028 erat
1308 1989 1391 2044 prae-

216 2063 300 2132 ditus,
323 2067 356 2120 ut
374 2081 463 2121 novas
482 2063 544 2119 vias
563 2061 745 2134 patefaceret,
770 2061 819 2118 sed
839 2060 1064 2118 antecedentium
1084 2060 1240 2118 doctrinam
1261 2060 1289 2118 in
1310 2078 1391 2118 suum

215 2170 297 2210 usum
321 2152 405 2210 vertit
432 2150 617 2224 philosophus
645 2150 801 2223 popularis,
849 2150 934 2207 (iuius
958 2151 1169 2223 praeceptomm
1198 2149 1392 2207 inconstantia

215 2242 287 2298 satis
303 2241 383 2299 docet
401 2240 570 2313 permultum
585 2240 791 2312 scriptitantem
811 2256 845 2295 ne
866 2239 1120 2311 potuissequidem
1140 2239 1287 2304 materiam
1307 2256 1391 2311 quam

214 2330 337 2402 undique
370 2332 553 2402 congesserat
585 2329 621 2386 ad
653 2345 739 2385 unam
766 2345 893 2385 normam
926 2330 953 2385 et
985 2329 1111 2401 regulam
1141 2328 1270 2401 dirigere.
1316 2327 1391 2384 Nam

216 2419 263 2491 qui
287 2419 320 2476 de
344 2418 489 2476 Plutarchi
510 2418 689 2490 philosophia
714 2417 829 2474 uberius
853 2417 1069 2489 disputavenmt
1077 2411 1100 2490 ¹)
1125 2417 1162 2474 ad
1184 2434 1272 2474 unum
1295 2434 1391 2474 omnes

215 2509 243 2564 in
268 2526 300 2566 eo
323 2508 391 2565 mihi
414 2524 547 2580 peccasse
568 2507 706 2574 videntur,
731 2506 805 2579 quod
829 2524 861 2562 ex
884 2508 928 2564 tot
943 2506 1146 2564 Chaeronensis
1169 2506 1251 2563 libris
1275 2506 1303 2562 in
1328 2506 1390 2578 qui·

214 2596 268 2654 bus
297 2597 370 2654 alias
399 2596 555 2654 sententias
584 2595 639 2654 sibi
667 2612 839 2668 repugnare,
868 2595 941 2652 alias
970 2612 1139 2668 magnopere
1169 2595 1306 2653 fluctuare
1334 2595 1391 2667 ipsi

215 2679 414 2760 quemntur²)‚
444 2704 475 2743 se
503 2685 632 2742 elicuisse
661 2687 766 2742 certam
789 2684 934 2741 Plutarchi
965 2684 1122 2742 doctrinam
1145 2686 1173 2741 et
1196 2684 1251 2741 sibi
1275 2686 1302 2741 et
1325 2684 1390 2741 aliis

214 2777 425 2847 persuasemnt.
472 2776 511 2831 At
534 2791 585 2832 nec
608 2774 697 2832 voluit
720 2773 767 2830 ille
791 2773 846 2842 vir,
871 2773 974 2846 quippe
998 2774 1046 2845 qui
1069 2766 1240 2845 multiplices
1264 2772 1391 2845 philoso-

214 2864 320 2936 phandi
348 2864 473 2921 rationes
501 2863 627 2936 accipere
656 2863 771 2925 soleret.
801 2862 861 2934 ipse
890 2879 999 2934 semper
1027 2862 1099 2919 idem
1128 2861 1226 2918 docere
1248 2879 1338 2934 neque
1362 2861 1391 2918 id

213 2953 401 3025 postulabant
424 2952 583 3025 aequalium
607 2951 794 3025 cogitationes
818 2953 846 3008 et
869 2952 1039 3008 voluntates.
1086 2951 1169 3008 Hanc
1193 2951 1390 3008 conscribendi

214 3043 350 3101 rationem
370 3042 508 3098 Ricardus
523 3042 683 3100 Volkmann
702 3041 846 3097 Plutarchi
862 3040 1046 3113 biographus,
1067 3040 1196 3112 quamvis
1219 3040 1391 3112 perspexerit

214 3132 233 3189 1.
253 3133 272 3190 1.
294 3133 321 3189 ll
339 3149 367 3203 p.
388 3128 418 3199 3,
442 3133 537 3187 tamen
561 3147 662 3202 pamm
685 3130 836 3202 diligenter
858 3129 1052 3201 discrepantes
1076 3128 1234 3186 sententias
1258 3129 1390 3186 discrevit

214 3222 251 3284 et,
270 3221 344 3278 unde
364 3238 412 3276 eae
431 3219 571 3289 fluxerint,
592 3220 728 3291 indagare
749 3218 861 3276 omnino
881 3218 985 3275 omisit.
1023 3218 1118 3275 Minus
1138 3220 1219 3274 caute
1238 3219 1282 3274 vel
1301 3217 1391 3274 Zeller

213 3309 398 3367 Plutarcheae
421 3308 564 3365 doctrinae
586 3309 672 3366 telam
697 3307 779 3380 quasi
803 3324 858 3364 uno
882 3307 1114 3364 filocontoxtam
1137 3307 1271 3364 restituit.
1309 3306 1390 3375 Quod

213 3416 269 3456 uno
294 3400 368 3455 certe
392 3396 589 3469 comprobetur
612 3397 746 3469 exemplo

302 3488 342 3544 De
357 3487 438 3560 Pyth.
454 3503 494 3543 or.
512 3485 539 3546 7.
557 3484 598 3545 20
614 3487 641 3542 et
656 3485 689 3541 de
704 3484 759 3542 def.
775 3502 815 3542 or.
831 3483 851 3544 9
865 3484 936 3541 locis
952 3484 1049 3541 allatis
1065 3484 1211 3541 contendit
1226 3484 1268 3541 vir
1283 3484 1389 3541 doctis·
1441 3543 1448 3557 ,

214 3576 302 3633 simus
326 3575 373 3648 ph.
398 3567 554 3647 gr.1112³
578 3592 605 3647 p.
630 3571 691 3633 195
715 3573 898 3631 Plutarchum
921 3590 1043 3647 negasse
1067 3573 1134 3630 deos
1158 3573 1236 3646 ipsos
1259 3590 1309 3644 per
1333 3574 1389 3646 Py·

213 3665 303 3722 thiam
322 3681 385 3721 cum
405 3663 566 3720 hominibus
586 3662 716 3735 colloqui.
754 3664 888 3719 Attamen
913 3662 946 3719 de
964 3661 1048 3735 Pyth.
1073 3679 1113 3720 or.
1140 3661 1157 3722 7
1183 3661 1260 3719 aliud
1284 3662 1389 3734 agitur.

213 3754 287 3810 Nam
307 3753 351 3810 dei
371 3752 572 3825 cogitationes,
597 3769 669 3824 quae
692 3752 729 3808 ab
755 3751 817 3824 ipso
841 3751 959 3825 Pythiae
984 3753 1187 3823 suggerantur,
1212 3751 1390 3823 pronuntiari

213 3860 268 3899 non
292 3844 426 3915 negatur:
449 3859 537 3913 praua
557 3840 671 3897 oracula
695 3843 877 3908 excusantur,
903 3839 1006 3912 quippe
1030 3857 1102 3912 quae
1125 3857 1181 3897 non
1206 3858 1238 3896 ex
1258 3839 1316 3907 dei,
1341 3840 1389 3896 sed

213 3950 245 3988 ex
264 3932 411 3989 antistitae
431 3948 477 3986 ore
496 3930 647 4002 profluant.
685 3931 784 3988 ἐκεῖνος
808 3930 845 3994 δὲ,
865 3929 906 3985 ait
920 3929 1100 3996 Plutarchus,
1121 3932 1204 3998 μόνας
1228 3929 1271 3987 τὰς
1291 3951 1389 3997 φαντα-

212 4025 269 4080 σίας
287 4024 425 4090 παρίστησι
449 4021 495 4073 aab
515 4027 575 4088 φῶς
593 4021 621 4072 ἐν
639 4029 671 4088 τῇ
689 4028 766 4088 ψυχῇ
783 4029 856 4072 ποιεῖ
870 4019 936 4086 πρὸς
954 4019 983 4071 τὸ
1000 4020 1102 4087 μέλλον.
1139 4017 1244 4073 Eodem
1259 4019 1391 4089 spectant

212 4109 298 4165 verba
331 4126 393 4181 dap.
428 4106 484 4167 20:
509 4109 547 4178 μὴ
571 4111 720 4176 νομίζωμεν
743 4109 822 4161 αὐτὸν
844 4109 945 4161 ἐκεῖνον
967 4107 1031 4160 εἶναι
1055 4108 1099 4161 τὸν
1121 4107 1151 4160 τὰ
1170 4109 1219 4175 ἔπη
1239 4108 1390 4161 συντιθέντα

232 4348 237 4360 ⁸
302 4279 322 4347 ι)
341 4295 366 4332 v.
385 4278 480 4332 Zeller.
504 4277 600 4345 philos.
624 4293 714 4346 graec.
739 4277 802 4331 hist.
827 4278 909 4330 Ι1123
932 4295 957 4345 p.
984 4277 1063 4344 16023
1088 4277 1151 4330 add.
1176 4277 1269 4330 Rittcr
1293 4277 1388 4344 philos.

211 4350 274 4402 hm·
294 4350 606 4488 12Ylyollkiizibiiiril,Leb.,
627 4420 736 4474 Schrift.
752 4437 778 4473 u.
794 4420 863 4473 Phil.
879 4420 904 4473 d.
920 4420 992 4473 Plut.
1013 4437 1037 4474 v.
1054 4421 1157 4473 dhaer!
1177 4421 1205 4472 II
1219 4436 1244 4486 p.
1264 4419 1317 4472 248
1328 4435 1387 4486 sqq.

211 4493 272 4560 294,
292 4493 343 4546 307
356 4508 423 4559 sqq,
444 4493 495 4546 322
506 4509 544 4558 sq.

1214 4581 1228 4633 l
