3210 5010
707 330 905 392 ,3-

216 513 300 582 visse,
326 512 479 570 sedetiam
499 511 662 568 adhibuisse
686 528 800 569 necesse
824 511 871 569 sit.
909 512 942 568 In
966 511 1011 569 his
1034 512 1104 569 locis
1127 512 1204 568 haud
1227 511 1312 569 dubie
1336 512 1394 569 alia

215 602 303 660 fontis
330 601 416 658 verba
439 601 573 668 mutavit,
604 601 660 657 alia
689 601 797 669 omisit,
827 601 916 658 multa
941 600 974 658 de
1001 618 1051 658 suo
1076 601 1194 659 addidit.
1242 601 1333 670 Quam
1357 601 1393 658 ob

215 709 273 749 rem
292 709 325 747 ex
344 691 404 748 solo
424 691 571 747 verbomm
589 708 644 748 usu
662 690 708 746 vix
727 690 795 747 certi
815 690 965 762 quicquam
984 691 1017 747 de
1037 690 1097 748 eius
1116 690 1243 748 fontibus
1263 691 1393 747 enuclea-

214 781 318 838 bimus.

303 869 381 926 Idem
413 869 490 925 cadit
522 868 551 924 in
583 869 698 926 tertium
726 868 896 940 compilandi
924 886 1014 942 genus
1046 885 1100 941 quo
1124 868 1294 926 Plutarchus
1324 886 1392 926 usus

215 960 267 1016 est.
306 959 395 1028 Certe,
416 959 482 1030 quia
502 957 705 1015 Chaeronensis
729 957 868 1015 interdum
887 957 916 1014 in
931 957 1132 1016 conscribendo
1155 958 1235 1030 ipsos
1260 960 1391 1016 auctores

215 1048 294 1117 adiit,
319 1047 385 1104 hinc
408 1048 487 1120 origo
519 1047 715 1104 continuamm
743 1049 771 1104 et
799 1047 873 1104 inter
896 1065 925 1104 se
950 1048 1165 1120 congruentium
1188 1047 1391 1105 sententiamm

214 1136 353 1194 trahenda
377 1139 429 1194 est.
467 1136 545 1205 Quas
569 1136 694 1210 digerere
718 1139 746 1194 et
769 1137 806 1193 ad
829 1136 922 1195 fontes
946 1153 1075 1194 revocare
1099 1153 1191 1194 nonne
1215 1137 1268 1194 erit
1292 1153 1392 1209 operae

214 1226 355 1298 pretium?
391 1226 451 1284 Nos
471 1226 591 1298 quidem,
612 1227 715 1299 quibus
729 1226 889 1284 universam
904 1226 1106 1283 sententiarum
1126 1226 1226 1283 molem
1241 1226 1392 1298 digesturis

214 1331 265 1372 nec
293 1316 367 1373 vires
395 1331 446 1372 nec
474 1315 603 1373 doctrina
631 1318 799 1388 suppetunt.
830 1315 866 1372 ad
899 1316 1029 1389 exiguam
1056 1316 1131 1372 tanti
1160 1315 1253 1388 operis
1283 1317 1393 1387 partem

215 1404 415 1462 exantlandam
440 1404 622 1478 accingimur.

304 1495 344 1551 lle
369 1494 541 1552 divinatione
564 1495 734 1552 Plutarchus
763 1495 931 1566 compluries
960 1495 1027 1568 egit.
1075 1494 1195 1566 Scripsit
1222 1494 1392 1566 peculiarem

213 1586 273 1652 περὶ
291 1594 418 1654 μαντικῆς
442 1584 545 1640 librum
567 1601 642 1641 nune
666 1583 851 1655 deperditum,
877 1584 956 1641 cuius
980 1584 1129 1657 parvulum
1154 1583 1305 1642 frustulum
1327 1584 1392 1640 Sto·

215 1672 303 1729 baeus
328 1672 439 1729 exhibet
463 1674 523 1730 flor.
548 1673 605 1741 LX,
632 1671 682 1732 10.
730 1674 808 1730 Haec
831 1673 942 1730 iactura
966 1672 1169 1744 quodammodo
1194 1675 1393 1745 compensatur

215 1760 325 1818 duobus
349 1764 418 1831 Περὶ
436 1771 489 1816 τῶν
507 1765 696 1817 ἐκλελοιπότων
714 1766 882 1832 χρηστηρίων
910 1765 937 1819 et
965 1765 1033 1832 Περὶ
1056 1773 1101 1817 τοῦ
1128 1763 1165 1832 μὴ
1189 1771 1256 1831 χρᾶν
1278 1765 1392 1831 ἔμμετρα

214 1861 261 1905 νῦν
284 1853 331 1921 τὴν
349 1854 458 1908 Πυθίαν
481 1853 680 1911 voluminibus.
719 1854 751 1909 ln
769 1853 904 1924 ampliore
924 1852 998 1924 quod
1018 1855 1062 1910 est
1085 1853 1118 1908 de
1142 1853 1319 1909 oraculorum
1342 1852 1391 1908 de-

213 1941 289 1999 fectu
318 1943 455 1999 divinatio
483 1960 500 1998 a
525 1942 700 1999 Cleombroto
724 1944 752 1998 et
775 1942 922 2014 Lampria,
947 1943 995 2015 qui
1019 1943 1047 1999 in
1071 1943 1123 2001 hoc
1147 1942 1261 2015 dialogo
1284 1943 1391 2014 primas

214 2030 416 2103 disputationis
436 2034 532 2105 partes
552 2034 651 2106 agunt,
676 2034 719 2090 vel
740 2033 775 2089 ad
796 2032 946 2090 daemones
965 2032 1126 2090 hominibus
1149 2032 1194 2088 dei
1217 2031 1391 2089 voluntatem

213 2121 379 2178 nuntiantes
403 2122 447 2178 vel
471 2121 507 2178 ad
530 2123 622 2178 terrae
646 2121 839 2178 exhalationes
863 2139 880 2178 a
904 2121 1088 2179 daemonibus
1112 2121 1287 2194 gubernatas
1311 2137 1391 2177 revo-

214 2212 304 2267 catur.
351 2211 384 2266 In
413 2211 502 2268 altero
530 2212 623 2267 autem
650 2211 747 2268 libello
777 2213 889 2268 tantum
913 2210 1009 2279 abest,
1039 2213 1071 2268 ut
1094 2211 1244 2267 daemones
1269 2209 1391 2267 oraculis

214 2301 434 2370 praeponantur,
459 2301 491 2356 ut
509 2302 569 2357 toto
589 2299 702 2373 dialogo
726 2317 760 2356 ne
780 2317 835 2356 uno
859 2299 971 2372 quidem
994 2301 1078 2357 verbo
1102 2300 1143 2356 illi
1167 2299 1244 2373 genii
1265 2301 1391 2372 tangan-

213 2389 273 2445 tur:
298 2387 367 2445 deus
390 2388 543 2461 Delphicus
570 2389 632 2461 ipse
661 2389 782 2461 inspirat
810 2406 891 2446 suam
915 2389 1056 2462 Pythiam.
1103 2389 1166 2446 Hac
1189 2388 1319 2461 opinione
1343 2405 1391 2445 ac·

214 2479 296 2548 cepta
319 2494 411 2534 nonne
436 2478 525 2535 omnis
550 2479 765 2551 daemonologia
794 2478 829 2536 ad
856 2479 965 2536 irritum
988 2478 1104 2535 redacta
1127 2479 1189 2535 ost?
1225 2476 1300 2534 Nam
1324 2477 1390 2534 dae-

214 2583 310 2623 mones
329 2568 467 2639 tanquam
486 2567 609 2625 ministri
628 2568 742 2624 deorum
766 2567 991 2636 introducuntur,
1016 2570 1048 2624 ut
1071 2567 1131 2624 deis
1155 2568 1234 2623 extra
1257 2567 1391 2624 mundum

213 2655 314 2727 positis
342 2657 452 2713 nullum
484 2673 547 2714 cum
577 2657 751 2729 turpitudine
779 2656 922 2714 hominum
951 2657 1144 2714 commercium
1169 2656 1215 2714 sit.
1263 2655 1391 2724 Quanto·

213 2761 277 2815 pore
302 2745 339 2800 ab
361 2744 416 2802 hac
440 2746 570 2817 opinione
596 2747 686 2803 altera
710 2747 837 2816 aberrat,
863 2764 919 2818 qua
943 2745 1010 2803 (1003
1034 2747 1112 2818 ipsos
1136 2763 1186 2818 per
1208 2746 1306 2802 vatum
1329 2761 1390 2802 cor-

213 2850 282 2904 pora
312 2851 374 2891 cum
402 2834 564 2893 hominibus
593 2835 715 2908 colloqui
742 2837 873 2907 putatur!
921 2835 1028 2892 Idcirco
1053 2835 1134 2891 valde
1158 2835 1312 2892 cavendum
1337 2836 1389 2903 est,

212 2939 247 2977 ne
271 2922 398 2980 diversas
423 2924 569 2996 utriusque
593 2925 658 2982 libri
682 2925 839 2984 sententias
864 2924 1078 2982 confundamus.

698 3327 839 3446 Caput
870 3327 900 3424 l.

321 3510 366 3565 Do
390 3510 613 3568 daemonibus
637 3511 773 3568 deorum
797 3511 991 3568 voluntatis
1016 3511 1277 3583 interpretibus.

301 3670 451 3727 Commune
482 3671 622 3742 quoddam
650 3671 793 3728 variarum
821 3673 848 3728 et
876 3672 949 3728 inter
977 3689 1007 3728 se
1036 3671 1256 3743 discrepantium
1284 3672 1388 3729 doctri·

212 3775 311 3815 narum
334 3760 542 3831 receptaculum
571 3763 614 3818 est
641 3760 689 3817 illo
714 3760 747 3816 de
771 3760 825 3818 def.
851 3778 890 3818 or.
915 3755 1088 3831 dialogus¹).
1136 3761 1221 3817 Cuius
1246 3762 1273 3817 in
1297 3761 1388 3833 priore

211 3851 292 3919 parte
316 3848 482 3905 daemonum
506 3850 693 3920 patrocinium
721 3850 847 3921 suscepit
871 3849 1073 3906 Cleombrotus.
1112 3849 1215 3906 Paucis
1239 3850 1298 3906 eius
1323 3868 1389 3907 sen·

212 3937 331 3995 tentiam
346 3937 588 4007 adumbrabimus‚
613 3940 645 3996 ut
659 3939 781 3995 eiusdem
804 3939 948 3995 doctrinae
967 3938 1063 3995 unitas
1086 3937 1176 4010 primo
1201 3938 1301 3996 obtutu
1323 3956 1387 4011 per·

211 4028 355 4084 noscatur.

301 4116 368 4188 Cap.
397 4114 436 4175 lo
460 4118 547 4189 negat
575 4116 620 4173 hic
647 4116 690 4173 vir
718 4119 767 4173 aut
795 4133 891 4173 omnes
916 4119 943 4174 et
966 4116 1173 4174 minutissimas
1197 4134 1241 4173 res
1266 4116 1387 4174 admini-

211 4203 296 4261 strari
329 4204 443 4262 deorum
474 4206 587 4263 numine
620 4207 671 4262 aut
703 4205 769 4262 deos
803 4206 914 4262 omnino
947 4222 1003 4262 non
1031 4222 1128 4262 curare
1160 4223 1204 4262 res
1238 4206 1385 4264 humanas.

211 4293 299 4349 lmmo
318 4295 391 4350 inter
410 4295 531 4352 caeleste
550 4296 578 4351 et
596 4297 737 4352 terrenum
755 4312 858 4366 genera
882 4295 1051 4351 intercedere
1075 4294 1197 4351 medium
1221 4295 1386 4353 daemonum

301 4464 320 4532 ¹)
339 4464 497 4532 Nuperrime
515 4465 652 4520 vilissimis
672 4466 705 4520 de
725 4465 813 4519 causis
838 4482 905 4532 quas
924 4466 1026 4520 reicere
1045 4466 1206 4534 supersedeo
1222 4467 1386 4521 Cheveniere

211 4534 254 4604 (de
273 4535 346 4591 Plut.
367 4536 451 4590 famil.
471 4537 558 4590 Paris.
580 4538 659 4607 1886)
677 4538 750 4591 hunc
768 4537 867 4590 librum
886 4555 903 4590 a
921 4537 1070 4592 Plutarcho
1089 4538 1265 4592 abiudicavit.

1191 4625 1225 4681 1*
