3210 5010
693 321 914 382 -19-

217 503 298 576 gavit
318 503 363 575 (de
382 501 438 559 dir.
463 519 521 574 per.
547 518 636 559 somn.
662 499 680 559 2
705 519 733 573 p.
758 498 997 573 4031113000.)
1036 501 1151 559 Somnia
1175 502 1200 559 ei
1223 503 1294 560 nihil
1317 503 1395 560 aliud

216 591 347 649 ridentur
369 591 425 648 nisi
457 590 596 663 imagines
620 607 692 662 quae
716 590 882 662 perpaulum
911 591 1038 647 mutatae
1066 590 1124 647 iam
1150 594 1179 650 in
1208 591 1395 666 vigilantibus

217 680 320 737 animis
352 680 475 737 fuemnt.
522 678 674 736 Trifariam
706 678 841 736 discernit
873 679 983 736 somnia
1010 696 1038 751 p.
1064 677 1148 739 4632
1175 677 1232 740 30:
1260 683 1330 735 οὕτω
1348 683 1396 750 μὲν

217 771 264 824 οὖν
282 771 410 839 ἐνδέχεται
429 777 482 822 τῶν
495 770 623 822 ἐνυπνίων
641 770 695 822 ἔνια
713 770 758 822 καὶ
777 777 871 836 σημεῖα
889 770 934 822 καὶ
953 770 1020 822 αἴτια
1039 769 1115 822 εἶναι’
1135 769 1165 823 τὰ
1184 769 1213 823 δὲ
1230 771 1312 824 πολλὰ
1330 791 1395 838 συμ-

216 860 352 925 πτώμασιν
375 860 466 911 ἔοικεν.
511 855 609 929 Neque
632 856 677 913 his
701 856 793 914 sobrie
817 856 913 925 dictis,
939 874 1011 929 quae
1034 873 1086 914 nos
1113 857 1232 914 maxime
1257 858 1394 928 alliciunt,

217 949 379 1020 repugnant
406 964 440 1003 ea
467 964 539 1018 quae
563 946 640 1018 apud
664 946 777 1002 Sextum
799 945 972 1018 Empiricum
995 946 1058 1003 adr.
1083 947 1170 1004 math.
1195 947 1249 1016 IX,
1274 945 1315 1006 20
1331 965 1393 1020 sqq.

217 1036 251 1092 de
266 1035 410 1093 diuinandi
433 1035 570 1093 facultate
591 1034 792 1092 somniantium
815 1036 842 1092 et
865 1034 1041 1092 morientium
1060 1034 1190 1108 legimus.
1228 1035 1303 1092 Nam
1326 1036 1395 1093 haec

216 1125 303 1182 verba
321 1124 398 1182 haud
417 1124 500 1181 dubie
518 1141 575 1181 non
595 1123 631 1180 ab
650 1123 712 1196 ipso
731 1123 894 1193 Aristotele,
919 1124 968 1181 sed
988 1141 1005 1180 a
1027 1141 1149 1196 persona
1161 1120 1296 1197 ¹quadarn
1320 1124 1394 1182 eius-

217 1214 279 1270 dem
298 1214 475 1286 dialogorum
492 1213 606 1285 prolata
626 1206 735 1285 00111).
774 1213 847 1270 Scite
867 1212 1047 1270 adumbrarit
1070 1213 1221 1286 genuinam
1241 1215 1394 1286 stagiritae

217 1303 386 1361 sententiam
417 1302 512 1360 Chalc.
546 1302 574 1359 in
598 1301 669 1359 Tim.
695 1318 719 1359 c.
749 1299 823 1361 248.
874 1301 1040 1359 Dicaearchi
1073 1302 1204 1374 discipuli
1231 1303 1393 1360 Aristotelis

216 1392 385 1450 mentionem
408 1391 478 1449 facit
492 1391 586 1448 010010
611 1391 644 1447 de
668 1391 723 1448 dir.
749 1391 771 1460 Ι,
797 1388 827 1460 3,
853 1388 881 1460 5,
907 1391 956 1448 ubi
979 1391 1210 1463 philosophorum
1224 1391 1394 1449 Graecorum

216 1481 250 1538 de
274 1481 445 1539 divinatione
477 1480 585 1552 placita
617 1480 716 1552 paucis
749 1481 899 1538 recensuit.
945 1481 1014 1537 Inde
1047 1480 1179 1539 discimus
1208 1498 1270 1538 eum
1301 1483 1394 1538 cetera

216 1570 397 1629 divinationis
419 1587 523 1643 genera
547 1569 712 1638 sustulisse,
737 1569 908 1626 somniorum
931 1571 958 1627 et
982 1568 1085 1627 furoris
1108 1569 1256 1642 reliquisse
1280 1570 1392 1627 eadem-

216 1676 269 1732 qne
301 1660 410 1716 ratione
438 1659 602 1731 Cratippum
631 1658 850 1730 Peripateticum
882 1661 910 1715 et
938 1658 1078 1716 Ciceronis
1110 1658 1279 1716 familiarem
1310 1677 1392 1717 usum

216 1766 287 1806 esse.
325 1749 403 1806 Haec
422 1748 672 1820 Peripateticorum
692 1747 820 1805 doctrina
844 1747 908 1804 aliis
933 1764 1041 1820 qnoque
1064 1747 1134 1805 locis
1154 1748 1293 1806 Tullianis
1317 1765 1392 1806 com-

215 1840 394 1895 memoratur.
440 1837 575 1910 Legimus
604 1837 675 1893 enim
701 1836 734 1892 de
758 1836 813 1894 div.
842 1838 870 1906 1,
900 1834 956 1905 50,
983 1834 1060 1896 113:
1085 1831 1244 1894 ί11001010
1268 1856 1391 1909 unquam

216 1928 327 1984 animus
365 1926 484 1984 hominis
520 1926 689 1984 naturaliter
725 1925 847 1995 divinat,
885 1925 940 1982 nisi
978 1942 1041 1982 cuin
1073 1925 1114 1982 ita
1146 1926 1256 1984 solutus
1290 1929 1333 1984 est
1365 1930 1393 1984 et

214 2033 336 2084 uacuus,
367 2018 400 2073 ut
432 2016 456 2071 ei
486 2015 570 2087 plane
603 2015 672 2071 nihil
705 2014 743 2071 sit
775 2031 837 2072 cum
861 2031 990 2087 corpore;
1015 2015 1090 2087 qnod
1113 2017 1163 2072 aut
1185 2016 1300 2073 uatibus
1325 2032 1391 2073 con-

214 2105 300 2178 tingit
332 2108 383 2162 ant
415 2104 626 2162 dormientibus.
673 2105 772 2176 Itaque
804 2121 836 2160 ea
869 2104 923 2160 duo
951 2121 1055 2176 genera
1083 2103 1295 2162 aDicaearcho
1326 2122 1391 2177 pro·

216 2194 320 2251 bantur
343 2196 384 2263 et,
407 2195 440 2251 ut
463 2193 532 2262 dixi,
558 2212 575 2250 a
599 2193 733 2264 Cratippo
756 2193 873 2250 nostro'.
921 2192 1046 2261 Quocum
1071 2193 1193 2250 concinit
1217 2194 1289 2251 altor
1311 2194 1390 2251 locus

215 2284 248 2339 de
277 2283 332 2340 div.
357 2284 399 2352 11,
425 2280 481 2351 48,
509 2280 585 2351 100,
614 2282 767 2339 secundum
798 2299 880 2354 quern
912 2281 1000 2338 eidem
1023 2282 1204 2354 Peripatetici
1236 2283 1392 2341 censebant

215 2389 276 2429 esse
305 2372 333 2428 in
360 2372 502 2430 mentibus
529 2371 672 2429 hominum
701 2373 840 2443 tanquam
868 2370 1012 2428 oraculum
1040 2372 1182 2443 quoddam
1212 2390 1244 2428 en
1268 2389 1321 2444 quo
1345 2372 1390 2429 fu·

214 2463 279 2518 tura
307 2461 517 2534 praesagirent,
546 2460 571 2517 si
599 2462 650 2517 aut
677 2459 769 2517 furore
798 2460 890 2517 divino
919 2459 1054 2517 incitatus
1082 2460 1193 2518 animus
1219 2463 1269 2519 aut
1292 2478 1390 2519 somno

214 2550 358 2607 relaxatus
383 2550 473 2607 solute
497 2552 525 2606 et
548 2549 636 2607 libere
658 2552 824 2606 moveretur.

303 2639 371 2707 0110
391 2642 434 2696 est
457 2639 505 2711 qui
528 2640 613 2711 neget
636 2639 753 2695 eandem
777 2638 946 2696 sententiam
970 2655 987 2694 a
1006 2637 1156 2696 Plutarcho
1181 2638 1210 2695 in
1234 2655 1258 2696 0.
1280 2635 1322 2699 40
1345 2657 1389 2696 10-

213 2731 324 2800 ceptam
339 2731 420 2786 esse?
456 2730 601 2797 Attamen,
625 2745 659 2784 ne
676 2745 738 2785 eum
753 2727 1002 2799 Peripateticorum
1026 2727 1147 2800 vestigia
1171 2728 1310 2800 pressisse
1329 2743 1389 2785 cre-

213 2817 323 2887 damus,
341 2817 520 2889 prohibemur
534 2816 680 2888 permultis
700 2818 727 2872 et
741 2816 916 2889 planissimis
932 2816 1088 2873 Stoiconrm
1102 2816 1245 2873 doctrinae
1269 2816 1388 2875 indiciis.

301 2907 340 2964 Ut
364 2924 380 2962 0
404 2906 581 2979 grauissimis
605 2906 755 2975 ordiamur,
780 2905 949 2962 monendum
972 2907 1016 2962 est
1035 2905 1144 2962 Stoicos
1167 2908 1279 2977 praeter
1296 2906 1389 2966 Hera-

213 2994 325 3052 cliteam
353 2995 489 3068 imprimis
516 2994 679 3052 Aristotelis
712 2995 869 3052 doctrinam
896 2994 1044 3067 physicam
1071 2994 1100 3050 in
1128 3012 1209 3052 suam
1240 2995 1389 3068 psycholo-

212 3083 289 3156 giam
304 3085 460 3141 deduxisse
498 3085 562 3141 Hac
576 3084 605 3141 in
628 3101 657 3140 re
681 3084 885 3155 perscrutanda
909 3083 1030 3140 maximo
1054 3083 1121 3139 mihi
1144 3083 1209 3140 usui
1233 3086 1294 3141 erat
1308 3084 1389 3141 lucu-

212 3172 371 3230 lentissima
387 3172 523 3229 Siebeclrii
538 3175 697 3230 commenta
698 3172 737 3230 tio
758 3190 830 3245 quae
847 3167 911 3243 ‘Die
926 3172 1049 3229 Umbild.
1066 3172 1093 3229 d.
1108 3172 1230 3272 peripat.
1246 3172 1388 3245 Naturph.

213 3261 241 3317 in
270 3261 313 3317 die
342 3262 391 3318 der
419 3261 516 3319 Stoih.’
541 3261 680 3333 inscripta
704 3263 748 3318 est
753 3255 789 3334 9.)
837 3261 989 3319 Vertamus
1021 3260 1109 3335 igitur
1139 3261 1249 3319 animos
1279 3262 1315 3319 ad
1339 3262 1389 3319 illa

214 3350 356 3421 apertiora
384 3350 494 3407 Stoicae
522 3349 666 3406 doctrinae
694 3350 817 3423 uestigia
844 3367 916 3458 qnae
944 3352 1058 3407 exstant
1090 3351 1166 3422 apud
1194 3351 1387 3408 Plutarchum

212 3437 313 3495 11011110
337 3438 460 3496 ciusdem
488 3440 516 3492 τὸ
542 3440 667 3506 μαντικὸν
694 3439 778 3507 ῥεῦμα
805 3440 850 3493 καὶ
877 3448 978 3507 πνεῦμα
1005 3441 1139 3493 θειότατον
1166 3441 1211 3493 καὶ
1240 3441 1389 3504 ὁσιώτατον,

213 3527 287 3599 quod
309 3536 403 3596 κρᾶσιν
426 3537 480 3586 ταῖς
498 3537 598 3596 ψυχαῖς
616 3528 720 3595 ἐμποιεῖ
743 3528 782 3599 (p.
808 3523 912 3599 432⁸),
942 3526 1112 3584 affinitatem
1136 3528 1279 3599 quandam
1302 3527 1389 3585 habat

213 3633 274 3673 cum
295 3616 450 3673 Stoicorum
466 3615 561 3672 divina
576 3615 680 3685 anima,
705 3633 777 3688 quae
800 3633 849 3688 per
871 3618 963 3673 totum
985 3616 1120 3672 mundum
1143 3633 1314 3688 permanans
1337 3617 1389 3674 ho·

212 3705 318 3762 minum
333 3721 442 3777 quoque
457 3704 621 3777 corporibus
645 3704 854 3762 immisceatur?
891 3705 932 3762 01.
957 3705 1033 3776 apud
1053 3704 1132 3762 Stob.
1157 3705 1208 3762 ecl.
1233 3707 1256 3774 1,
1284 3704 1311 3774 1,
1328 3701 1388 3765 29¹³

213 3795 239 3868 (1
268 3812 296 3866 p.
330 3791 371 3853 37
403 3794 461 3866 W.)
496 3793 653 3850 Stoicorum
681 3803 782 3862 πνεῦμα
801 3796 922 3862 ἒνδιῆκον
941 3795 976 3847 δι’
998 3795 1059 3847 ὅλου
1079 3802 1123 3848 τοῦ
1142 3796 1252 3861 κόσμον.
1295 3793 1388 3866 Supra

212 3883 268 3940 iam
291 3883 412 3941 uidimus
436 3882 579 3939 inanima
603 3882 696 3939 calore
720 3882 864 3938 divinandi
887 3882 942 3938 vim
967 3881 1092 3938 excitari.
1131 3881 1222 3949 Quid?
1246 3883 1320 3954 quod
1343 3900 1388 3939 se-

212 3973 333 4029 cundum
358 3972 467 4030 Stoicos
492 3972 620 4029 caloret
621 3971 660 4029 oti
684 3971 821 4028 mundo
814 3971 900 4028 insito
870 3970 1018 4027 tomnia
1042 3972 1188 4027 moventur
1210 3973 1238 4027 et
1265 3974 1390 4044 aguntur

213 4060 606 4132 (0101010001100111,
622 4059 754 4133 00001)
741 4060 845 4117 1Η10
860 4059 969 4116 001010
988 4059 1090 4116 Stoicis
1108 4069 1210 4127 πνεῦμα
1229 4053 1387 4132 10001013).

211 4149 316 4207 Eodem
340 4150 438 4207 ardore
463 4151 539 4222 apud
562 4150 628 4207 Plut
615 4150 744 4206 tarchum
767 4167 795 4222 p.
821 4144 903 4207 4321
923 4148 1018 4205 anima
1046 4151 1173 4217 ἔνθερμος
1192 4150 1237 4202 καὶ
1260 4151 1387 4218 πυρώδης

301 4373 322 4474 ξ)
338 4372 384 4462 fil.
403 4373 533 4440 Bernays.
550 4373 594 4426 ‘D.
614 4372 685 4455 Dial.
706 4373 731 4426 d.
746 4371 837 4455 Arist?
859 4389 884 4461 p.
906 4373 956 4425 104
966 4388 1004 4474 {q
1025 4377 1054 4425 01
1068 4370 1162 4424 Ζο1101.
1182 4370 1250 4424 Hb3
1268 4389 1294 4438 p.
1314 4371 1386 4425 551⁴.

300 4444 322 4583 l
341 4443 864 4581 0000000010
886 4443 973 4582 rat
996 4460 1021 4510 i·

1190 4602 1227 4654 2*
