3210 5010
687 301 909 363 ..25-

212 481 334 538 Theonis
353 481 445 553 prima
465 480 572 552 dialogi
594 497 716 552 persona
735 481 782 554 qui
805 481 875 538 haec
893 480 980 538 rerba
1002 481 1072 539 facit
1090 481 1271 539 Plutarchum
1294 482 1388 554 ipsum

212 570 300 626 latere
324 570 351 626 in
371 570 522 642 propatulo
546 571 598 626 est.
637 570 691 626 Sed
715 587 799 642 quam
823 570 859 626 ob
884 586 1000 626 causam
1024 571 1149 643 suscepit
1172 571 1298 643 pontifex
1320 570 1387 627 Del-

212 658 312 731 phicus
336 659 523 731 patrocinium
547 659 649 716 veteris
673 658 766 716 cultus
790 658 1008 732 religionisque?
1054 660 1092 717 Ut
1116 660 1180 716 olim
1205 660 1317 717 fuerant
1341 660 1389 733 qui

213 748 264 804 deo
288 748 389 820 Pythio
414 748 471 805 sivo
496 747 629 820 ambigua
659 748 717 804 6116
741 748 861 805 obscura
889 748 1006 805 oracula
1034 749 1185 821 opprobrio
1209 750 1322 818 darent,
1347 749 1388 807 ita

213 839 274 894 tum
297 836 347 893 alii
371 837 539 894 exstiterunt
562 837 610 909 qui
634 837 715 894 deum
739 839 854 908 propter
877 837 1005 895 breviora
1029 840 1056 894 et
1079 837 1251 911 simpliciora
1275 837 1389 894 oracula

214 928 381 983 accusarent
404 943 428 983 6.
455 924 532 998 bsq.
557 923 609 985 30.
657 925 711 994 Qui
735 928 828 982 antem
856 926 970 984 fuerunt
993 926 1022 983 hi
1045 928 1221 984 oraculorum
1245 927 1388 999 vitupera-

213 1017 308 1072 tores?
353 1015 414 1072 Hoc
438 1015 529 1072 disces
553 1031 632 1072 616.
660 1013 692 1083 7,
721 1015 795 1071 undo
819 1015 908 1072 elucet
931 1015 1083 1088 Epicureos
1112 1034 1173 1073 esse
1201 1016 1387 1085 adversarios,

214 1104 382 1177 quibuscum
400 1104 571 1161 Plutarchus
595 1103 777 1176 digladiatur.
814 1104 922 1161 Homm
945 1121 1037 1161 6166111
1061 1105 1185 1177 sceptioa
1209 1104 1317 1162 ratione
1341 1105 1388 1161 do-

214 1193 304 1250 fendit
317 1193 452 1262 Boothus,
477 1210 559 1264 quem
582 1193 611 1249 11
636 1195 731 1250 castra
750 1192 864 1264 Epicuri
886 1193 1073 1250 transiturum
1102 1212 1163 1251 esse
1187 1212 1214 1266 p.
1240 1189 1388 1254 396116-

214 1283 316 1352 gimus.
363 1282 417 1339 Hic
446 1282 631 1354 scepticorum
659 1299 734 1339 moro
758 1282 881 1339 Stoicam
905 1282 1066 1354 Serapionis
1094 1283 1302 1340 conclusionem
1325 1301 1388 1355 per-

214 1371 298 1428 vertit
325 1389 349 1429 6.
385 1369 413 1430 5.
460 1372 561 1439 Porro,
593 1367 627 1428 vut
664 1371 758 1428 Cicero
791 1370 958 1428 Clitomachi
994 1372 1114 1446 uestigia
1152 1366 1313 1445 6161161161)
1344 1372 1390 1443 (de

214 1460 268 1518 div.
292 1461 334 1529 II,
361 1458 417 1529 54,
450 1458 523 1533 110)
558 1460 703 1534 Sibyllinis
736 1460 857 1518 oraculis
890 1460 973 1517 fidem
1005 1461 1162 1531 abiudicat‚
1196 1461 1237 1519 ita
1265 1461 1390 1518 Boethus

214 1551 310 1607 eadem
339 1550 454 1607 oracula
486 1567 510 1607 c.
541 1548 560 1610 9
588 1549 617 1606 111
645 1549 801 1606 irrisionem
828 1552 920 1607 vocat.
967 1550 1045 1607 Haec
1078 1553 1122 1608 est
1153 1551 1225 1608 ratio
1254 1551 1390 1623 principis

213 1639 422 1712 Epicureorum.
467 1633 553 1695 ‘Nam
585 1638 655 1695 nihil
683 1638 821 1711 Epicurus
853 1641 913 1696 tam
945 1638 1041 1696 irridet
1064 1657 1148 1712 qnam
1172 1640 1389 1712 praedictionem

215 1746 306 1786 rerum
336 1728 503 1785 futurarum’
533 1728 602 1799 (016.
632 1728 665 1784 de
693 1730 753 1785 nat.
777 1729 820 1797 Il,
845 1725 897 1797 65,
927 1726 1009 1800 162).
1056 1729 1118 1786 1166
1141 1729 1202 1786 1666
1226 1746 1240 1786 6
1278 1730 1310 1785 de
1334 1729 1389 1786 div.

215 1818 252 1887 ll,
278 1815 330 1886 23,
356 1816 394 1876 51
421 1817 495 1874 idem
518 1817 702 1889 philosophus
726 1834 790 1874 cum
813 1817 955 1874 Carneade
980 1818 1103 1890 sceptioo
1130 1835 1186 1875 uno
1215 1817 1316 1890 spiritu
1339 1835 1390 1874 no-

216 1901 382 1978 minatur‘2).
429 1907 508 1963 Haec
532 1906 657 1976 crimina,
683 1923 754 1979 quae
779 1905 816 1962 ab
839 1906 888 1963 illo
912 1907 939 1963 in
965 1908 1079 1964 oracula
1102 1907 1184 1965 illata
1208 1910 1293 1979 atque
1315 1907 1392 1964 haud

216 1996 299 2052 dubie
319 1995 355 2052 ab
376 1995 435 2053 eius
457 1995 646 2053 sectatoribus
671 1998 781 2053 recocta
805 1997 894 2070 erant,
914 1995 1117 2053 Chaeronensis
1140 1996 1216 2053 tritis
1236 1996 1391 2054 Stoicorum

215 2085 391 2157 argumentis
419 2083 542 2141 refellere
575 2085 725 2141 studebat:
750 2084 785 2142 cf.
811 2101 897 2156 supra
925 2102 953 2156 p.
980 2083 1029 2145 22.
1079 2084 1140 2142 Nec
1162 2087 1257 2142 tamen
1282 2086 1391 2142 absona

216 2176 259 2230 est
282 2173 406 2246 suspicio
425 2173 609 2230 Plutarchum
629 2173 722 2231 sedem
742 2173 787 2230 dei
805 2173 900 2247 Pythii
924 2191 941 2230 a
960 2173 1070 2247 Cynicis
1090 2191 1200 2247 quoque
1224 2174 1390 2231 defendisse.

215 2262 290 2319 Nam
320 2263 477 2320 luculenter
508 2263 632 2320 ostendit
654 2255 845 2335 Wendlandss)
870 2279 925 2320 non
958 2280 1051 2335 pauca
1079 2280 1173 2320 eorum
1201 2263 1344 2321 criminum
1375 2280 1392 2319 a

215 2433 385 2502 significatas
400 2435 508 2489 cosdem
523 2434 718 2488 Chaeronensis
734 2434 834 2488 amicos
848 2433 932 2487 fuisse
952 2434 1093 2489 6111111666
1113 2434 1262 2489 contendit.
1296 2434 1392 2500 Quem·

215 2506 371 2573 admodum,
401 2513 433 2559 11
451 2507 588 2560 Theouem
606 2505 774 2573 Aegyptium
802 2505 848 2573 (cf.
869 2506 902 2559 de
925 2505 977 2558 fac.
998 2507 1031 2558 25
1054 2524 1080 2573 p.
1100 2507 1180 2575 9390)
1209 2511 1238 2560 et
1255 2507 1391 2559 Theonem

215 2578 379 2630 Phocensem
399 2578 443 2646 (cf.
468 2594 522 2631 uon
545 2594 601 2644 pos,
624 2577 655 2630 18
674 2595 700 2645 p.
723 2577 831 2646 10990f)
851 2577 959 2630 eosdem
981 2577 1078 2645 faciat,
1107 2577 1191 2645 fingit
1208 2578 1346 2631 Theouem
1364 2577 1392 2630 in

214 2649 341 2716 Aegypto
361 2655 456 2703 natum
475 2649 504 2702 in
518 2648 680 2702 Phocaicam
699 2648 840 2702 civitatem
858 2654 999 2715 receptum
1018 2665 1084 2703 esse.
1118 2650 1201 2702 Immo
1221 2648 1284 2701 huic
1302 2664 1392 2701 merae

215 2719 388 2773 coniecturae
403 2726 497 2788 aperte
512 2725 657 2788 repugnat,
673 2721 746 2785 quod
760 2720 841 2786 Theo,
858 2719 948 2784 quiin
963 2719 1054 2773 libello
1071 2721 1136 2773 ‘non
1150 2720 1228 2787 poss?
1250 2719 1392 2787 disputans

214 2790 360 2857 inducitur,
380 2791 543 2858 11162411.
562 2793 651 2845 ricla
665 2791 722 2848 νέος
741 2790 898 2844 nominatur
915 2791 963 2858 ita,
983 2797 1016 2844 ut
1034 2792 1187 2858 putandum
1205 2791 1243 2844 sit
1256 2791 1392 2844 Theonem

216 2862 269 2916 iam
288 2878 403 2930 puerum
421 2864 463 2916 vel
483 2863 719 2916 adulescentulum
732 2863 898 2916 Phocensem
917 2862 1022 2915 facturn
1041 2879 1108 2916 6666.
1141 2863 1237 2931 Apage
1256 2863 1325 2915 16166
1344 2878 1392 2915 nu-

215 2950 273 3002 gas.
311 2934 380 2987 Nam
398 2934 538 2988 Plutarchi
557 2934 680 2987 Theoues
708 2933 765 2987 sive
793 2950 847 2987 non
875 2933 962 2987 eidem
990 2933 1035 3002 (cf.
1061 2951 1132 2988 cous.
1154 2935 1188 2987 ad
1211 2950 1256 2987 ux.
1277 2936 1291 2987 7
1312 2939 1340 2987 61
1359 2933 1392 2986 de

215 3006 277 3058 aud.
297 3010 368 3072 poet.
389 3006 416 3074 3)
436 3005 492 3058 6116
511 3005 593 3059 fictae
612 3011 840 3072 611111161661166,
861 3004 948 3070 qualis
967 3004 1013 3058 ille
1037 3011 1079 3059 est
1099 3006 1132 3058 de
1150 3006 1230 3071 Pyth.
1252 3021 1288 3059 or.
1308 3005 1391 3071 Theo,

216 3076 293 3129 cuius
322 3092 437 3143 persona
461 3083 489 3130 et
518 3083 640 3144 tempora
664 3093 718 3128 non
742 3075 897 3129 accuratius
921 3077 1126 3129 adumbrantur.
1164 3075 1236 3129 Huic
1254 3075 1294 3130 rei
1313 3076 1393 3129 doen·

215 3152 307 3200 mento
326 3153 376 3214 661,
406 3148 478 3214 quod
497 3148 570 3214 apud
589 3148 706 3201 Graecos
725 3163 823 3200 nornen
841 3147 915 3200 Theo
943 3152 1023 3200 tanto
1042 3147 1071 3201 in
1089 3163 1141 3201 161
1160 3152 1231 3214 6161,
1252 3152 1285 3200 11
1303 3146 1346 3199 161
1364 3146 1393 3199 11

216 3217 365 3271 tritissimis
384 3219 604 3286 philosophorum
622 3218 744 3271 formulis
768 3223 947 3284 usurparetur
966 3217 1011 3287 (cf.
1036 3218 1110 3272 Plut.
1130 3224 1234 3284 quaest.
1254 3219 1329 3272 Rom.
1350 3218 1392 3283 30,

217 3290 250 3341 de
270 3305 335 3341 com.
356 3294 412 3342 not.
433 3292 456 3356 7,
477 3289 549 3342 Sext.
565 3290 641 3356 Emp.
667 3290 727 3342 adv.
752 3290 835 3342 math.
856 3289 887 3356 V,
910 3289 970 3356 104,
990 3288 1130 3357 Chrysipp.
1151 3307 1193 3357 ap.
1213 3289 1281 3342 Phil.
1302 3290 1335 3342 dc
1354 3288 1393 3341 in-

216 3376 282 3411 corr.
302 3360 392 3412 mund.
413 3363 428 3412 9
447 3377 473 3427 p.
493 3361 542 3414 501
564 3361 676 3429 blangi.
702 3391 734 3398 —
758 3361 907 3413 Praeterea
925 3359 1058 3414 Muhlium
1082 3360 1190 3414 omnino
1214 3360 1288 3429 fugit
1310 3361 1394 3413 verba

216 3429 333 3483 Theonis
357 3447 427 3496 quae
451 3431 486 3484 ad
509 3431 687 3485 Plutarchum
710 3430 820 3484 rettulit
848 3447 952 3484 summa
976 3448 1036 3484 cum
1058 3431 1254 3498 probabilitate
1281 3431 1336 3484 iam
1359 3430 1393 3484 ab

216 3500 335 3555 Heinzeo
355 3501 462 3570 (Sachl.
479 3503 577 3555 06111111.
597 3519 619 3555 z.
634 3503 707 3556 Plut.
722 3502 798 3570 pyth.
813 3502 894 3555 Schr?
911 3519 936 3570 p.
952 3503 997 3571 22)
1012 3503 1047 3556 ad
1062 3503 1232 3556 Hadrianum
1249 3502 1394 3570 imperato-

216 3589 280 3639 rem,
300 3571 346 3638 qui
365 3572 498 3640 Apollinis
518 3574 656 3627 oraculum
676 3574 708 3626 de
723 3572 834 3627 Homeri
852 3573 944 3640 patria
963 3572 1101 3627 consuluit
1119 3579 1148 3627 et
1166 3575 1200 3627 ab
1219 3573 1393 3641 Amphictyo·

215 3644 295 3697 nibus
323 3649 418 3697 statua
444 3645 594 3698 honoratus
622 3650 665 3698 est
693 3645 739 3712 (cf.
763 3645 882 3698 Boeckh.
906 3645 933 3697 0.
958 3646 983 3698 J.
1008 3645 1022 3697 I
1046 3646 1180 3714 111713),
1210 3646 1298 3698 161616
1326 3660 1392 3698 esse.

217 3713 319 3781 Quibus
342 3715 488 3769 honoribus
507 3716 671 3769 Plutarchus
695 3716 728 3769 ab
753 3715 799 3769 illo
818 3717 1001 3770 Romanorum
1024 3716 1187 3783 imperatore
1211 3716 1329 3769 affectus
1348 3714 1393 3783 611,

217 3784 310 3853 colligi
337 3791 431 3853 potest
459 3803 492 3840 ex
514 3788 612 3840 Euseb.
638 3788 728 3841 chron.
757 3804 782 3853 p.
809 3787 860 3839 164
884 3787 1016 3840 Schoene:
1046 3787 1216 3853 Πλούταρχος
1240 3785 1394 3852 Χαιρωνεὺς

216 3857 362 3924 φιλόσοφος
385 3857 561 3923 ἐπιτροπεύειν
577 3857 698 3916 Ἑλλάδος
717 3857 768 3909 ὑπὸ
792 3858 946 3925 (Ἀδριανοῦ)
972 3865 1016 3910 τοῦ
1035 3858 1228 3924 αὐτοκράτορος
1246 3857 1393 3923 κατεστάθη

216 3930 325 3996 γεραιός.
363 3930 510 3983 Ρ16616166
533 3934 627 3982 notum
651 3935 694 3982 est
712 3929 846 3982 Hadriani
869 3929 1060 3982 benevolentia
1083 3929 1262 3983 resurrexisse
1286 3929 1395 3996 Delphi·

217 4016 278 4053 cum
297 4001 442 4067 oraculum,
463 4001 535 4066 quod
554 4006 636 4054 antea
655 3999 837 4054 obmutuerat.
871 4001 923 4068 (Cf.
940 4001 971 4053 G.
988 4000 1074 4054 Wolff
1090 4001 1123 4054 de
1142 4001 1229 4053 ultim.
1250 4017 1319 4054 orae.
1340 4007 1392 4053 aet.

215 4088 241 4139 p.
262 4071 297 4140 5).
331 4072 391 4124 Huc
406 4070 507 4139 optime
521 4073 640 4138 quadrat
657 4072 827 4125 revirescens
847 4071 950 4125 oraculi
970 4071 1115 4125 celebritas
1135 4088 1215 4138 quam
1229 4072 1394 4124 Plutarchus

217 4143 422 4196 6296111116
444 4142 571 4196 laudibus
590 4143 738 4210 praedicat.
777 4143 854 4207 Quod
877 4143 900 4196 61
923 4143 1037 4210 116661,
1061 4143 1201 4210 insperata
1224 4144 1271 4197 1111
1290 4142 1393 4196 affulsit

217 4213 382 4280 quaestioni,
408 4230 461 4280 quo
485 4220 606 4281 ternpore
624 4214 670 4268 1116
689 4213 796 4268 libellus
816 4214 934 4281 scriptus
953 4213 1001 4281 611,
1028 4214 1155 4280 quoniam
1174 4231 1235 4268 eum
1254 4214 1394 4268 Hadriano

216 4286 636 4423 regnaiqmflafflfqar⁰li⁰1⁸ene
647 4285 760 4409 lqditum
778 4302 837 4339 esse
856 4291 979 4352 apparet.

375 4372 507 4409 6661
537 4399 542 4408 .
574 4373 624 4423 .p.
689 4374 745 4423 sqq.

306 4426 326 4494 a)
347 4427 386 4479 [tf.
406 4426 520 4480 Useneri
539 4427 614 4494 Epic.
634 4444 659 4494 p.
680 4430 729 4481 261
746 4445 784 4493 sq.

306 4497 327 4567 3)
343 4498 425 4552 ‘Berl
445 4498 514 4552 Phil.
534 4498 732 4553 Woclrenschr.³
757 4500 823 4553 1887
843 4516 868 4567 p.
891 4500 955 4553 1271
973 4516 1012 4566 sq.
