3210 5010
690 312 913 374 „15-

213 494 301 550 tante.
344 491 407 560 Qua
429 491 530 549 fabula
554 508 760 549 commonemur
784 509 887 561 earum,
914 510 986 565 quas
1009 493 1239 568 Neopythagorci
1263 498 1290 553 et
1313 495 1390 554 Neo-

211 581 347 654 platonici
380 582 615 655 corythagora,
640 581 773 650 Platone,
798 581 949 653 Apollonio
979 583 1112 656 Tyanaeo
1145 585 1284 642 linxerint.
1331 585 1391 642 Nec

211 674 305 729 tamen
328 671 400 728 talia
424 673 580 727 commenta
603 670 715 728 omnino
744 670 892 727 abhorrere
923 671 960 727 ab
984 672 1077 729 indole
1101 690 1134 730 ac
1157 673 1266 731 ratione
1289 674 1390 732 veteris

211 760 381 818 Academiae
413 760 493 817 modo
527 759 657 816 diximus.
703 759 741 816 Et
768 777 801 816 ea
838 760 950 832 quidem
978 778 1049 833 quae
1078 762 1271 820 Cleombrotus
1301 780 1331 820 se
1359 781 1392 820 ex

212 850 260 906 illo
282 843 540 922 praestigiatore¹),
566 849 613 920 qui
637 848 802 905 daemonum
826 848 1019 906 familiaritate
1043 868 1111 908 usus
1136 854 1224 920 esset,
1249 852 1391 909 audivisse

212 940 312 1008 refert,
346 938 448 1010 optime
482 938 637 1010 quadrant,
670 940 703 994 ut
734 937 791 994 iam
823 938 1024 1008 intelleximus,
1059 941 1096 997 ad
1128 940 1274 998 scientiam
1299 942 1391 999 Xeno·

212 1031 345 1086 crateam.
691 1028 694 1035 '

300 1116 398 1189 Neque
416 1133 480 1173 vero
501 1116 557 1173 illis
580 1115 697 1172 diversis
722 1117 749 1172 et
772 1115 858 1172 variis
882 1116 995 1189 pannis,
1021 1117 1124 1189 quibus
1147 1118 1269 1190 undique
1293 1136 1390 1191 sump-

211 1207 250 1264 tis
274 1224 355 1263 suam
379 1205 434 1263 sibi
456 1208 563 1263 vestem
587 1205 700 1261 consuit
719 1203 899 1272 Plutarchus,
924 1206 1041 1262 resectis
1065 1207 1205 1279 integram
1224 1208 1390 1266 Xenocratis

211 1297 299 1353 telam
313 1298 434 1353 retexere
453 1295 532 1352 licet:
557 1296 694 1366 quantum
713 1293 890 1351 inclinaverit
911 1295 947 1350 ad
966 1295 1159 1365 Xenocratem,
1181 1296 1252 1354 satis
1277 1297 1391 1355 demon-

213 1388 321 1443 strasse
345 1387 397 1442 est.

301 1473 398 1546 Neque
423 1473 505 1530 huius
528 1472 582 1529 loci
605 1472 657 1529 erit
679 1472 860 1544 perscrutari,
886 1472 988 1544 quibus
1013 1473 1148 1531 subsidiis
1169 1474 1339 1532 Plutarchus
1362 1475 1391 1532 in

212 1565 262 1620 illa
287 1564 319 1620 de
343 1563 508 1620 mundorum
533 1578 647 1618 numero
671 1560 836 1633 quaestione
860 1577 883 1618 e.
900 1559 1031 1622 24—38
1057 1562 1104 1634 (cf.
1120 1563 1196 1621 Plat.
1212 1564 1282 1621 Tim.
1299 1559 1389 1637 31⁵b)

213 1671 282 1711 usus
311 1653 362 1720 sit,
390 1654 489 1723 utpote
518 1668 590 1722 quae
618 1667 718 1722 pamm
742 1649 885 1707 subtiliter
908 1667 970 1707 cum
995 1651 1041 1707 filo
1066 1653 1188 1724 reliquae
1212 1653 1245 1709 de
1269 1653 1391 1711 oraculis

214 1741 416 1814 disputationis
441 1757 545 1797 conexa
569 1740 615 1797 sit.
662 1740 759 1795 Pauca
789 1741 898 1806 tamen,
924 1757 996 1811 quae
1020 1740 1048 1796 in
1072 1741 1225 1812 posteriore
1249 1742 1332 1799 huius
1356 1742 1391 1799 li-

214 1831 280 1887 belli
304 1832 385 1903 parte
409 1831 532 1897 exstant,
557 1831 589 1886 ut
613 1828 761 1896 addamus,
786 1845 831 1885 res
855 1827 919 1899 ipsa
942 1829 1080 1900 postulat.
1124 1830 1191 1887 Cum
1216 1831 1288 1887 enim
1309 1848 1332 1888 c.
1349 1829 1391 1890 38

214 1922 380 1992 quaeratur,
414 1936 538 1990 quanam
567 1917 611 1974 usi
635 1916 772 1974 facultate
800 1916 873 1988 genii
903 1919 983 1974 vates
1013 1918 1106 1975 divino
1129 1918 1221 1976 furore
1244 1919 1390 1992 impleant,

214 2009 287 2065 hanc
319 2025 377 2064 rem
400 2007 565 2064 Ammonius
599 2007 639 2064 ita
672 2006 821 2078 explanat:
847 2006 1004 2063 Daemones
1033 2009 1100 2063 sunt
1128 2009 1239 2065 animae
1268 2009 1392 2081 corporis

214 2097 333 2155 vinculis
357 2097 467 2154 solutae.
492 2098 519 2152 et
543 2095 617 2151 aerio
640 2095 807 2152 vestimento
831 2093 956 2152 indutae.
1002 2096 1064 2152 Hae
1093 2096 1166 2154 alias
1195 2097 1306 2154 animas
1330 2114 1391 2155 cor·
1432 2130 1435 2143 ·

214 2186 330 2259 poribus
354 2186 475 2242 amictas
499 2184 665 2257 attingendo
690 2183 723 2239 de
747 2183 831 2240 rebus
854 2182 958 2240 futuris
987 2185 1119 2242 certiores
1142 2185 1260 2244 faciunt.
1309 2187 1391 2243 Simi-

214 2276 278 2333 liter
300 2292 352 2332 nos
377 2274 459 2331 nobis
483 2290 538 2330 non
562 2290 638 2341 voce,
663 2273 712 2330 sed
736 2275 764 2330 et
786 2272 888 2329 litteris
918 2274 1047 2330 attactu
1072 2276 1099 2331 et
1123 2275 1266 2332 oculomm
1290 2277 1391 2333 obtutu

215 2364 320 2421 multas
344 2381 389 2421 res
412 2363 580 2436 praeteritas
605 2361 799 2434 significamus
823 2363 851 2417 et
873 2360 986 2418 futuras
1009 2363 1207 2434 praedicimus.
1227 2398 1271 2405 —
1291 2365 1324 2420 In
1348 2365 1392 2422 his

215 2470 307 2510 nonne
336 2453 392 2509 iam
416 2452 614 2508 Academicum
642 2450 799 2507 doctrinam
824 2450 986 2522 agrrovisti?
1032 2453 1064 2507 ln
1090 2452 1185 2509 eodem
1208 2453 1392 2510 fundamento

215 2541 399 2598 hauddubie
423 2543 566 2597 exstmcta
590 2542 633 2596 est
656 2539 800 2596 Plutarchi
833 2539 865 2595 de
894 2539 1039 2627 daemonio
1069 2541 1193 2599 Socratis
1225 2542 1391 2623 disputatio,

215 2631 264 2687 ubi
288 2630 419 2687 Simmias
443 2630 490 2702 qui
514 2629 638 2686 Socratis
662 2628 818 2700 discipulus
847 2627 997 2699 disputans
1027 2629 1168 2687 inducitur
1196 2631 1313 2687 eandem
1336 2631 1392 2688 fere

216 2719 385 2777 sententiam
409 2718 545 2796 defendit,
569 2717 672 2789 quippe
701 2717 749 2789 qui
773 2717 806 2772 de
831 2717 955 2773 Socratis
978 2718 1060 2789 genio
1088 2719 1157 2775 haec
1180 2720 1267 2776 verba
1290 2720 1392 2778 faciat:

216 2809 243 2861 τό
262 2808 291 2861 δὲ
304 2817 463 2876 προσπῖπτον
481 2809 512 2860 οὐ
533 2810 658 2875 φθόγγον,
676 2807 740 2860 ἀλλὰ
753 2808 829 2874 λόγον
847 2807 879 2860 ἅν
893 2828 930 2865 τις
945 2808 1055 2860 εἰκάσειε
1070 2811 1201 2876 δαίμονος,
1220 2811 1281 2863 ἄνευ
1301 2818 1394 2878 φωνῆς

216 2898 394 2965 ἐφαπτόμενον
412 2897 483 2963 αὐτῷ
507 2905 543 2963 τῷ
562 2896 714 2964 δηλουμένῳ
733 2903 778 2947 τοῦ
797 2887 957 2966 νοοῦντοςὲ).
1008 2895 1102 2967 Atque
1134 2897 1216 2954 huius
1249 2897 1393 2954 doctrinae

216 2985 387 3041 Academica
411 2983 488 3055 origo
512 2983 664 3040 vetustiore
687 2982 847 3039 testimonio
872 2983 1086 3054 comprobatur,
1111 3001 1172 3042 cum
1197 2985 1336 3042 simillime
1360 2986 1393 3042 de

173 3088 175 3093 ’
216 3073 382 3130 daemonum
424 3072 595 3129 divinatione
638 3072 789 3128 decreverit
830 3073 929 3128 auctor
970 3066 1177 3145 epinonridis3).
1224 3075 1392 3144 Daemones,

216 3179 244 3234 Ι).
269 3160 351 3222 985⁰
370 3161 470 3234 lnquit,
494 3165 545 3230 ὅπῃ
565 3162 629 3220 τινὲς
643 3162 761 3230 ἐνέτυχον
775 3162 851 3229 ἡμῶν
870 3162 967 3229 hanff
988 3164 1069 3214 ὕπνον
1087 3164 1115 3216 ἕν
1133 3165 1294 3233 ὀνειροπολίᾳ
1312 3185 1393 3232 προσ-

216 3254 347 3320 τοχόντες,
371 3253 387 3319 ἢ
406 3252 472 3305 κατὰ
492 3252 583 3320 φήμας
602 3272 627 3302 τε
646 3251 691 3304 καὶ
713 3253 833 3317 μαντείας
852 3250 945 3318 λεχθέν
964 3271 1027 3302 τισιν
1046 3252 1073 3303 ἒν
1091 3253 1183 3310 ἀκοαῖς
1201 3254 1357 3321 ὑγιαίνουσιν
1375 3254 1392 3322 ἢ

217 3341 261 3393 καὶ
284 3341 441 3407 κάμνουσιν,
464 3341 480 3408 ἢ
499 3340 544 3393 καὶ
567 3341 669 3407 τελευτῇ
687 3341 748 3408 βίον
766 3339 922 3406 προστυχέσι
941 3340 1085 3405 γενομένοις
1108 3357 1152 3396 res
1185 3340 1296 3398 futuras
1327 3358 1392 3413 prd-

216 3428 358 3484 uuntiant.
406 3428 512 3483 Tamen
540 3427 657 3484 interest
686 3426 792 3498 aliquid
819 3426 892 3482 inter
920 3425 992 3482 hunc
1021 3429 1048 3483 et
1076 3427 1155 3485 illum
1184 3428 1289 3498 locum,
1319 3430 1393 3502 quod

217 3516 262 3572 hic
286 3516 401 3573 vocibus
425 3533 534 3588 quoque
558 3516 701 3588 geniorum
725 3515 859 3572 tribuitur
882 3514 925 3571 vis
949 3514 1102 3573 divinandi.

305 3605 451 3663 Hactenus
475 3606 508 3661 de
532 3605 702 3662 divinatione
727 3622 798 3677 quae
823 3622 839 3660 a
863 3603 907 3659 dis
931 3602 1096 3662 daemonum
1125 3606 1279 3664 ministerio
1302 3607 1392 3664 honri-

217 3694 301 3751 nibus
324 3695 454 3752 mittitur.

309 3865 327 3932 ¹)
346 3866 407 3932 Ipse
426 3864 589 3918 Plutarchus
608 3864 762 3932 Lampriam
782 3881 803 3916 c.
823 3864 858 3916 23
877 3880 901 3929 p.
922 3863 994 3915 422(ἱ
1016 3865 1193 3934 detegentem
1211 3866 1279 3920 facit
1297 3866 1393 3920 miram

217 3935 297 4017 istius
316 3936 452 4018 peregrini
471 3935 593 4019 homines
612 3936 764 3989 doctrinam
783 3951 816 3987 ex
840 3933 932 4014 multis
952 3942 981 3987 et
1004 3936 1086 3989 variis
1107 3937 1288 3992 Graecanicae
1307 3938 1393 4005 philo-

217 4007 328 4144 Ἥ
347 4008 498 4131 totth
511 4011 1101 4132 llilithtttlrlulfltdllnm
1120 4079 1239 4133 seua
1259 4079 1394 4134 ursata

217 4147 321 4201 monita
349 4149 428 4214 quale
457 4156 547 4203 exstat
576 4150 649 4216 apud
668 4151 739 4203 Plut.
769 4150 802 4202 de
826 4163 887 4216 gen.
913 4146 984 4202 Socr.
1006 4150 1045 4203 10.
1085 4150 1187 4203 Similia
1206 4151 1235 4204 in
1254 4151 1393 4218 personati

219 4219 342 4273 Platonis
362 4220 473 4288 'Pheage
493 4219 603 4289 dialogo
623 4227 742 4274 extremo
762 4223 916 4273 narrantur.

307 4291 328 4358 ³)
348 4291 456 4355 Quanta
471 4291 592 4345 affinitas
612 4291 684 4345 inter
698 4293 896 4344 Xenocrateam
911 4294 940 4340 et
959 4292 1118 4358 epiuornidis
1138 4292 1289 4347 doctrinam
1308 4293 1392 4347 inter·

219 4361 307 4427 cedat,
327 4362 465 4428 perspexit
483 4362 574 4415 Wolff.
594 4363 724 4430 Porphyr.
749 4363 781 4415 de
805 4361 869 4429 phil.
889 4375 922 4411 ex
946 4379 1016 4416 orac.
1032 4364 1108 4416 haur.
1128 4381 1154 4430 p.
1170 4365 1229 4417 221.
1245 4365 1393 4418 Praeterea

219 4431 343 4485 doctrina
362 4432 431 4499 epin.
452 4450 477 4500 p.
497 4434 587 4486 984ᾱθ
606 4450 668 4486 cum
685 4433 780 4487 Stobai
800 4430 904 4486 everbis
926 4435 974 4486 ecl.
993 4435 1014 4500 I,
1038 4435 1063 4502 1,
1084 4436 1135 4487 291
1158 4435 1323 4489 conferenda
1341 4440 1392 4488 cst.

700 4587 913 4596 ----ι
