3210 5010
655 313 854 374 ..2-

163 498 301 565 πρότερον,
315 497 361 549 καὶ
374 503 422 550 νῦν
436 496 614 565 ὑποβάλλοντα
628 503 660 563 τῇ
674 495 767 562 Πυθίᾳ
781 493 841 553 τοὺς
854 494 999 562 χρησμούς,
1014 496 1102 561 ὥσπερ
1121 493 1152 545 ἔκ
1166 494 1342 560 προσωπείων

165 587 354 654 φθεγγόμενον.
398 583 464 639 Sola
491 583 578 639 verba
606 582 782 639 oraculorum
810 599 827 637 a
858 580 908 638 deo
940 580 1150 648 abiudicantur;
1185 579 1341 638 sententiae

165 690 194 730 re
222 689 289 730 vera
317 672 428 729 divinae
459 674 525 728 suni
552 688 576 729 d.
607 659 663 730 21:
695 672 771 741 ψυχὴ
792 672 821 724 δὲ
839 674 950 740 ὄργανον
968 673 1034 725 θεοῦ
1053 671 1156 740 γέγονεν
1182 672 1209 726 ei
1241 669 1344 725 'ibidem

165 779 194 834 p.
219 759 301 821 404⁰
324 761 396 835 legis
421 765 536 816 δείκνυσι
554 761 603 829 μὲν
621 761 670 830 γὰρ
696 760 770 833 (scil.
790 763 806 812 ὅ
818 760 892 831 θεὸς)
917 761 962 813 καὶ
981 760 1118 828 ἀναφαίνει
1138 760 1182 818 τὰς
1201 761 1280 812 αὑτοῦ
1300 781 1343 812 νο-

165 853 236 920 ήσεις
268 853 322 905 κτλ.
370 850 477 908 Idcirco
515 850 621 922 apertis
658 849 752 906 verbis
789 849 904 905 docetur
937 848 1035 917 deum,
1073 864 1129 904 non
1162 848 1255 919 ipsam
1287 848 1344 920 Py-

164 941 254 998 thiam
277 940 364 1012 loqui.

255 1029 328 1087 Huic
351 1029 494 1086 doctrinae
527 1044 643 1100 prorsus
672 1028 803 1100 opposita
831 1045 893 1084 esse
920 1026 1006 1083 verba
1039 1026 1187 1098 Lampriae
1220 1026 1253 1082 de
1287 1024 1342 1083 def.

166 1137 206 1178 or.
232 1118 251 1179 9
280 1136 306 1191 p.
331 1116 409 1178 414θ
428 1134 510 1175 nemo
540 1116 718 1174 infitiabitur.
766 1117 810 1173 lbi
833 1116 968 1189 legimus:
994 1110 1035 1172 ‘Si
1060 1114 1222 1186 opinaberis
1251 1115 1343 1186 ipsum

167 1209 250 1266 deum
273 1209 302 1264 iu
326 1224 444 1279 corpora
463 1209 560 1264 vatum
584 1205 750 1264 descendere
775 1216 924 1277 eorumque
948 1222 994 1262 ore
1019 1204 1095 1276 loqui
1121 1207 1148 1261 et
1172 1220 1237 1261 voce
1262 1203 1344 1276 quasi

167 1299 353 1355 instrumento
377 1284 429 1366 uti,
454 1295 598 1369 pueriliter
621 1297 649 1352 et
672 1295 749 1352 fatue
774 1295 861 1368 ages'.

255 1386 309 1443 His
341 1385 411 1443 locis
443 1385 472 1442 in
506 1385 742 1457 comparationem
781 1383 888 1440 vocatis
921 1382 1056 1440 concedes
1089 1399 1250 1455 perversam
1283 1398 1344 1438 esse

168 1476 268 1535 Zelleri
287 1475 426 1532 rationem
444 1474 624 1532 dissonantes
647 1473 723 1530 locos
748 1473 784 1529 ad
808 1473 924 1530 eandem
948 1489 1007 1528 rem
1029 1470 1267 1543 comprobandam
1293 1470 1344 1526 ad-

168 1563 300 1622 bibentis.

256 1652 352 1711 Nolim
375 1655 470 1709 tamen
493 1650 646 1708 Plutarcho
669 1651 743 1708 tales
766 1650 974 1723 discrepantias
997 1650 1083 1707 nimio
1108 1649 1258 1722 opprobrio
1283 1666 1345 1705 ver-

167 1745 223 1801 tas.
267 1742 494 1799 Consentaneum
512 1741 585 1797 enim
609 1742 653 1797 est
676 1757 733 1809 eos,
759 1740 807 1812 qui
830 1739 975 1797 doctrinas
999 1740 1108 1796 alienas
1131 1739 1254 1810 undique
1278 1754 1345 1795 con-

168 1849 263 1906 gerere
291 1848 394 1903 easque
419 1829 455 1886 ad
479 1847 592 1887 sensum
620 1830 764 1902 vulgarem
794 1829 1004 1886 accommodare
1033 1829 1157 1896 soleant,
1182 1845 1237 1884 non
1261 1843 1345 1899 posse

169 1938 279 1993 semper
302 1919 419 1976 eandem
443 1919 612 1976 sententiam
636 1917 768 1990 proferre.
815 1918 852 1975 Et
875 1920 949 1975 recte
974 1917 1085 1990 quidem
1109 1916 1206 1973 eadem
1230 1917 1344 1973 senteu-

80 2048 82 2053 -
168 2011 271 2067 tiarum
303 2009 427 2066 varietas
451 2007 645 2076 excusabitur,
675 2007 700 2064 si
729 2007 951 2079 reputaverimus
980 2007 1117 2080 quosdam
1141 2007 1287 2064 Plutarchi
1310 2007 1346 2063 li·

168 2099 235 2156 bros
264 2097 393 2170 dialogos
418 2114 493 2167 esse,
525 2096 627 2169 quibus
656 2096 741 2152 aliam
769 2113 920 2168 personam
948 2096 1025 2153 aliud
1053 2095 1237 2153 disserentem
1266 2096 1347 2153 finxit

169 2189 277 2245 auctor.
323 2185 441 2243 Accedit
464 2186 583 2258 deniquo
606 2187 763 2257 temporum
787 2185 874 2243 ratio:
904 2188 977 2243 certe
1002 2185 1084 2242 aliter
1106 2185 1279 2243 Plutarchus
1302 2185 1346 2242 iu-

169 2277 248 2334 venis
273 2275 372 2345 sensit,
397 2275 479 2332 aliter
503 2292 594 2334 senex.

259 2364 312 2422 His
336 2364 514 2437 praemissis
544 2364 681 2436 quomodo
705 2364 935 2436 philosophorum
963 2366 1115 2436 praecepta
1139 2383 1172 2421 ex
1194 2363 1347 2422 Plutarcho

171 2454 352 2527 expiscemur‚
374 2453 431 2510 iam
449 2453 502 2510 erit
521 2453 659 2524 quaestio.
697 2452 837 2510 Nimirum
857 2470 914 2510 non
933 2452 1123 2525 deprehendes
1147 2472 1207 2511 eum
1233 2470 1347 2510 suorum

170 2543 290 2601 fontium
314 2542 471 2599 sententias
495 2540 532 2597 ad
556 2542 672 2598 verbum
694 2543 879 2609 mutuantem,
904 2541 1060 2598 cuiusmodi
1084 2542 1205 2599 imitatio
1229 2543 1257 2598 in
1282 2543 1347 2599 aliis

170 2631 313 2704 vergentis
341 2631 522 2703 antiquitatis
551 2630 737 2703 scriptoribus
768 2631 903 2699 comitur,
935 2631 984 2687 sed
1015 2630 1099 2687 alieni
1128 2631 1232 2701 ingenii
1262 2648 1347 2701 argu-

171 2724 266 2778 menta
294 2720 354 2777 suis
382 2719 504 2792 propriis
531 2719 624 2776 verbis
653 2720 745 2791 magis
758 2717 760 2721 ⁴
775 2720 973 2776 obscurantem
1001 2737 1086 2791 quam
1114 2713 1346 2789 illustrantem¹).

171 2811 259 2866 Immo
281 2808 456 2881 tripartitum
481 2824 535 2880 quo
558 2826 628 2865 usus
652 2811 695 2865 est
719 2808 913 2865 conscribendi
937 2825 1027 2879 genus
1050 2808 1130 2864 lubet
1152 2810 1260 2865 notare.

260 2897 384 2954 Primum
413 2897 616 2954 Chaeronensis
647 2914 863 2968 saepenumero.
895 2914 950 2968 qua
983 2899 1043 2954 erat
1077 2896 1221 2964 doctrina,
1251 2897 1348 2968 coplas

172 2986 313 3044 scribendi
336 3003 393 3042 nou
413 2986 507 3043 subito
528 2986 640 3042 aliunde
665 2988 804 3057 arreptas,
828 2985 876 3041 sed
901 2986 1058 3043 sententias
1082 2986 1139 3042 iam
1163 2985 1266 3042 dudum
1291 3003 1348 3041 me-

172 3075 276 3134 moriae
299 3074 459 3132 recouditas
483 3075 603 3131 orationi
635 3091 702 3131 suae
727 3075 888 3131 immiscuit.
936 3074 1006 3131 Dein
1031 3074 1147 3131 eundem
1172 3075 1348 3132 sententiun·

173 3165 244 3221 cuhs
272 3164 442 3236 quibusdam
470 3164 499 3220 in
529 3165 589 3235 ipso
618 3163 736 3236 legendo
766 3164 794 3220 in
823 3164 1038 3221 commentarios
1067 3163 1163 3220 relatis
1188 3163 1349 3221 memoriam

173 3253 255 3311 facile
288 3253 431 3309 labentem
463 3251 578 3309 fulsisse
611 3253 639 3308 et
661 3253 821 3311 Volkmann
856 3253 886 3322 (l.
917 3253 936 3309 l.
967 3254 979 3308 l
1007 3271 1036 3325 p.
1063 3251 1116 3326 77)
1150 3255 1178 3310 et
1201 3253 1349 3325 Adelphus

174 3341 300 3399 Schmidt
324 3341 446 3413 (‘Pericl.
472 3340 614 3398 Zeitalter'
639 3342 666 3397 ll
689 3359 716 3414 p.
742 3339 795 3413 55)
821 3342 890 3398 scite
915 3341 1129 3399 admonuerunt.
1176 3342 1259 3399 Hanc
1282 3358 1349 3398 con-

75 3483 85 3493 .
173 3430 315 3488 scribendi
337 3429 476 3487 rationem
494 3429 664 3487 Plutarchus
688 3431 748 3502 ipse
777 3430 884 3487 sincere
907 3430 1055 3502 profitetur
1078 3430 1111 3487 de
1134 3434 1228 3504 tranq.
1254 3449 1289 3487 an
1316 3429 1349 3490 1;

173 3522 333 3588 ἀνελεξάμην
350 3521 409 3588 περὶ
428 3520 557 3588 εὐθυμίας
575 3521 606 3572 ἐκ
625 3528 678 3573 τῶν
697 3522 892 3589 ὑπομνημάτων
907 3521 944 3574 ὧν
963 3522 1069 3589 ἐμαυτῷ
1087 3523 1260 3590 πεποιημένος
1278 3522 1350 3589 ε’τύγ-

173 3630 261 3678 χανον.
308 3607 372 3664 Pali
400 3608 528 3679 excerpto
556 3607 726 3664 Plutarchus
754 3608 822 3664 mibi
852 3626 920 3664 usus
952 3625 1013 3665 osse
1042 3609 1151 3665 videtur
1179 3609 1289 3665 duobus
1317 3609 1350 3665 de

175 3698 213 3754 Is.
238 3698 267 3753 et
291 3696 339 3754 Os
365 3694 407 3756 26
438 3713 466 3768 p.
491 3691 573 3756 361b
604 3698 632 3753 et
660 3695 693 3753 de
724 3696 778 3754 def.
811 3714 850 3755 or.
877 3695 918 3757 14
948 3715 976 3769 p.
1006 3695 1089 3757 417ο
1116 3697 1200 3765 locis,
1233 3714 1350 3770 quorum

175 3785 204 3842 in
232 3802 288 3842 uuo
311 3785 476 3842 Xenocratis
501 3785 625 3841 auctoris
653 3802 754 3841 nomen
778 3788 1024 3854 commemoratur,
1061 3785 1088 3842 in
1122 3787 1210 3843 altero
1244 3787 1350 3843 omitti-

173 3877 234 3944 tur3
267 3877 350 3932 tauta
382 3890 464 3946 porro
497 3874 675 3932 necessitudo
708 3874 781 3932 inter
804 3874 880 3932 Plut.
914 3877 1024 3947 quaest.
1054 3890 1133 3932 conv.
1163 3875 1215 3942 IX,
1250 3872 1305 3942 14,
1331 3872 1349 3932 4

175 3981 203 4036 p.
230 3959 331 4024 7451ο
355 3965 381 4020 et
400 3963 546 4035 personati
565 3963 709 4020 Plutarchi
732 3964 766 4020 de
789 3963 849 4021 fato
872 3963 976 4020 librum
1000 3962 1019 4021 2
1043 3981 1071 4035 p.
1097 3961 1179 4024 566θ
1193 3962 1350 4031 intercedit,

175 4055 208 4110 ut
230 4052 413 4109 Plutarchum
443 4051 476 4107 de
504 4052 564 4109 fato
587 4051 677 4109 libelli
699 4051 818 4122 fontem,
850 4053 884 4109 de
908 4052 987 4109 cuius
1010 4052 1179 4109 Academico
1209 4052 1299 4109 colore
1323 4053 1351 4108 in

176 4142 309 4214 epimetro
338 4141 604 4198 dissertatiunculae
633 4140 742 4198 adiecto
770 4141 931 4199 accuratius
955 4158 1085 4213 agemus,
1114 4157 1171 4198 uon
1195 4141 1276 4198 modo
1300 4158 1352 4198 no·

267 4364 286 4431 ¹)
310 4365 394 4418 Plane
418 4364 553 4419 assentior
572 4364 610 4418 eis
635 4380 704 4430 quae
724 4365 860 4418 Robertus
879 4365 980 4426 Weber
1003 4365 1155 4432 nuperrime
1179 4365 1208 4419 in
1231 4365 1294 4420 diss.
1319 4367 1352 4420 de

176 4434 298 4488 Dioscur.
326 4435 386 4502 περὶ
405 4442 458 4487 τῶν
479 4436 544 4502 παρ’
567 4435 679 4502 Ὁμήρῳ
703 4437 793 4502 νόμων
815 4435 906 4489 libello
931 4436 964 4488 de
987 4437 1038 4489 hoc
1057 4437 1199 4490 Plutarchi
1217 4437 1352 4490 scribendi

176 4521 229 4559 usu
247 4504 383 4559 disseruit.
421 4507 498 4560 Stud.
517 4506 589 4573 Lips.
611 4507 679 4560 1888
698 4523 724 4574 p.
747 4508 796 4560 169
806 4523 863 4573 sqq.
