3210 5010
708 295 907 356 „5-

217 490 247 530 se
271 474 508 542 accommodaret,
539 491 622 546 quam
650 477 683 532 ut
711 474 771 546 ipse
799 474 918 532 multum
942 473 1172 548 daemonologiae
1194 474 1339 543 tribueret,
1363 473 1392 530 in

216 561 383 634 disciplinas
413 580 481 619 suas
504 562 644 635 recepisse
665 563 783 620 videtur.
831 562 872 620 Cf.
898 563 996 620 Zeller.
1019 563 1068 635 ph.
1092 581 1135 636 gr.
1160 564 1187 620 ll
1204 557 1240 622 l3
1262 580 1291 634 p.
1318 561 1391 623 791.

305 651 359 708 Sed
383 668 506 724 quonam
536 652 626 709 rivulo
647 669 687 709 11
714 651 851 709 viridibus
875 652 1005 709 Platonis
1033 652 1124 724 pratis
1148 653 1303 724 profluente
1326 651 1392 708 hor·

214 739 291 797 tulos
320 756 388 798 suos
416 740 545 813 irrigavit
568 740 756 798 Plutarchus?
802 741 846 797 Ad
875 740 950 797 hanc
974 741 1167 814 quaestionem
1191 740 1390 813 expediendam

215 829 315 885 iterum
331 829 535 886 Chaeronensis
549 830 611 902 ipse
626 829 799 888 certissimas
814 847 902 886 ansas
918 831 976 887 dat.
1014 829 1127 887 Etenim
1142 847 1205 902 cap.
1224 828 1262 889 17
1278 829 1392 886 1111111

215 917 369 989 locupletes
392 920 482 976 testes
505 919 737 992 daemonologiae
760 918 940 990 proferuntur
962 918 1156 991 Empedocles,
1181 919 1274 987 Plato,
1298 919 1392 974 Xeno·

215 1008 322 1076 crates,
349 1007 531 1080 Chrysippus
565 1007 697 1080 quiesse
726 1008 816 1064 malos
840 1008 939 1080 genios
964 1007 1116 1065 docuerim.
1164 1008 1290 1076 Quocum
1312 1007 1392 1064 locus

215 1096 303 1153 multo
326 1097 440 1168 gravior
464 1097 496 1153 de
518 1098 557 1154 ls.
582 1098 610 1153 et
634 1096 683 1154 Os.
704 1094 745 1155 25
765 1097 833 1153 mire
857 1096 987 1166 concinit,
1012 1096 1060 1154 ubi
1084 1096 1177 1165 Plato,
1201 1097 1391 1169 Pythagoras,

214 1184 402 1254 Xenocrates,
432 1185 606 1259 Chrysippus
635 1184 820 1257 Orphicorum
847 1189 994 1258 poetarum
1002 1180 1024 1257 ¹)
1054 1185 1176 1258 vestigia
1204 1185 1295 1242 secuti
1324 1185 1391 1241 dae-

214 1290 310 1330 mones
339 1274 482 1346 accepisse
515 1277 676 1332 narrantur.
724 1274 831 1342 Quodsi
855 1275 1029 1346 quaerimus,
1064 1275 1211 1331 cuiusnam
1235 1273 1391 1331 doctrinam

215 1365 362 1420 mutuatus
390 1363 429 1420 sit
456 1363 640 1432 Plutarchus,
672 1382 705 1419 ex
732 1363 843 1421 illomm
867 1380 981 1421 numero
1011 1364 1108 1421 statim
1137 1366 1195 1420 tres
1219 1363 1390 1419 eximuntur:

214 1451 408 1525 Pythagoras,
443 1452 509 1525 qnia
534 1453 593 1509 eius
626 1452 778 1525 genuinam
811 1452 967 1510 doctrinam
991 1452 1136 1509 Plutarchi
1160 1454 1254 1509 aetate
1277 1453 1391 1523 praesto

214 1540 303 1597 fuisse
324 1542 361 1598 ab
382 1535 863 1614 111111011111111101111111111),
883 1542 976 1610 Plato,
993 1541 1229 1614 quandoquidem,
1255 1542 1392 1613 quantum

214 1630 241 1687 in
268 1630 437 1687 Plutarcheo
460 1648 586 1687 sermone
611 1631 647 1687 ad
671 1648 732 1687 eum
757 1631 862 1701 redeat,
887 1647 939 1688 nos
963 1631 1124 1688 etiamnunc
1148 1630 1301 1687 diiudicare
1325 1646 1392 1702 pos·

214 1736 325 1788 sumus;
351 1719 471 1792 denique
496 1719 570 1792 quod
594 1720 629 1776 ad
651 1719 849 1792 Empedoclem
873 1720 985 1788 attinet,
1010 1720 1167 1777 Heracleon
1191 1719 1219 1776 in
1244 1719 1306 1791 ipso
1330 1718 1392 1774 dia·

214 1809 279 1880 logo
294 1825 317 1866 c.
341 1807 380 1868 16
395 1827 424 1881 p.
446 1802 563 1882 41803)
585 1809 748 1884 suspicatur
767 1826 799 1865 ex
812 1809 890 1866 illius
913 1808 1075 1881 philosophi
1097 1808 1212 1881 placitis
1236 1807 1391 1879 sumpsisse

213 1897 421 1955 Cleombrotum
449 1899 617 1954 daemonnm
649 1900 781 1970 peccata,
816 1915 936 1966 errores,
969 1900 1085 1955 mortem
1118 1914 1289 1969 poenasque.
1337 1896 1391 1952 Sed

214 1987 316 2044 diserte
338 1987 404 2044 huic
428 1987 553 2060 opinioni
571 1987 721 2059 Philippus
745 2003 768 2044 c.
792 1985 879 2059 171.
904 1984 988 2046 419³
1011 1987 1187 2045 adversatur.
1208 1987 1392 2043 -Restant

213 2076 301 2148 igitur
320 2077 374 2133 soli
391 2077 563 2133 Xenocrates
583 2079 610 2133 11
625 2075 807 2149 Chrysippus.
846 2076 941 2145 Stoici,
966 2077 998 2133 11
1021 2077 1054 2133 de
1077 2076 1121 2133 his
1145 2076 1266 2148 primum
1289 2074 1390 2145 dicam,

215 2183 278 2222 cnm
298 2165 448 2222 daemones
467 2165 578 2238 vulgari
598 2165 729 2238 opinione
749 2167 880 2237 acceptos
900 2165 1065 2230 invenirent,
1086 2165 1179 2222 cosin
1205 2182 1286 2222 snum
1308 2181 1391 2221 nsum

214 2255 385 2311 convertisse
418 2254 502 2333 certis
526 2254 695 2312 testimoniis
728 2247 951 2327 confirmatur4).
999 2255 1104 2311 Tamen
1132 2254 1201 2311 talis
1229 2253 1390 2325 disciplina,

214 2344 323 2415 qualem
353 2343 524 2400 Plutarchus
548 2343 755 2401 Cleombrotum
788 2344 986 2414 explanantem
1018 2343 1098 2413 fecit,
1132 2360 1188 2400 non
1220 2342 1301 2399 modo
1334 2359 1391 2399 non

214 2433 343 2505 congruit
362 2449 424 2489 cum
445 2433 599 2490 Stoicomm
619 2432 788 2505 praeceptis,
814 2432 863 2489 sed
883 2432 967 2489 etiam
986 2449 1102 2504 prorsus
1123 2432 1159 2488 ab
1184 2432 1224 2489 eis
1248 2431 1389 2489 abhorret.

213 2521 305 2589 Quid?
330 2521 531 2579 divinationem
550 2524 582 2579 ut
597 2521 785 2591 defenderent,
802 2521 987 2578 daemonibus
1007 2538 1078 2593 opus
1100 2523 1161 2578 erat
1180 2520 1230 2589 eis,
1246 2521 1294 2593 qui
1309 2520 1389 2577 deum

213 2612 241 2666 et
264 2610 387 2667 divinam
418 2611 554 2668 rationem
582 2611 634 2669 toti
659 2611 762 2667 mundo
787 2613 815 2667 11
837 2610 969 2682 partibus
993 2610 1053 2667 eius
1077 2610 1207 2667 innatam
1230 2627 1292 2667 esse
1316 2609 1389 2666 iudi-

213 2702 329 2756 carent?
375 2701 462 2756 Immo
500 2700 553 2757 tali
586 2700 712 2772 opinioni
745 2702 841 2771 aperte
874 2701 1015 2773 repugnat
1047 2717 1081 2756 ea
1114 2699 1268 2768 sententia,
1306 2715 1389 2771 quam

213 2788 384 2845 Cleombroti
407 2789 500 2846 verbis
525 2789 662 2846 contineri
686 2789 742 2846 iam
766 2789 970 2861 perspeximus.
1017 2789 1090 2845 Cave
1115 2805 1191 2861 ergo,
1215 2805 1250 2844 ne
1273 2787 1390 2845 nimium

211 2877 323 2934 tribuas
344 2878 437 2935 verbis
463 2878 631 2935 Cleombroti
651 2895 675 2935 1.
701 2876 738 2937 19
762 2895 790 2949 p.
812 2875 894 2936 420³
919 2877 1073 2934 Stoicorum
1099 2894 1160 2934 cum
1185 2894 1237 2934 sua
1261 2877 1390 2933 doctrina

212 2984 380 3024 consensum
404 2967 608 3039 praedicantis.
658 2968 725 3023 Ideo
753 2985 788 3023 ne
817 2966 966 3040 Chrysippi
994 2966 1106 3039 quidem
1138 2966 1246 3023 ratione
1279 2965 1388 3033 habita,

212 3055 236 3112 si
260 3056 320 3112 ulla
344 3056 414 3113 fides
438 3057 590 3113 Plutarcho
615 3056 796 3128 adiungenda
820 3058 876 3124 est,
907 3055 943 3111 ad
967 3056 1152 3112 Xenocratem
1176 3055 1306 3111 Platonis
1330 3054 1388 3111 dis·

212 3144 335 3216 cipulnm
373 3145 544 3218 delegamnr.
597 3145 683 3202 Cuius
720 3145 754 3201 de
787 3145 971 3201 daemonibus
1005 3143 1133 3201 doctrina
1165 3143 1389 3200 luculentissimo

213 3234 327 3290 Stobaoi
350 3234 512 3290 testimonio
536 3233 736 3305 comprobatur
757 3233 808 3290 ccl.
826 3235 847 3301 l,
868 3227 932 3291 1²⁰¹>
946 3250 973 3304 p.
989 3231 1031 3292 36
1046 3233 1106 3290 W.:
1133 3234 1297 3301 fenenestras
1317 3233 1388 3300 (ἀπε-

212 3324 322 3391 φήνατο)
340 3364 344 3373 .
362 3364 366 3375 .
384 3364 388 3374 .
404 3324 467 3377 θεὸν
486 3324 550 3376 εἶναι
570 3325 614 3376 καὶ
634 3324 677 3376 τὸν
696 3323 808 3391 οὐρανὸν
827 3324 872 3376 καὶ
891 3323 950 3381 τοὺς
969 3323 1077 3391 ἀστέρας
1095 3325 1228 3390 πυρώδεις
1247 3324 1389 3389 diapenteve

212 3412 291 3470 θεοὺς
310 3413 355 3464 καὶ
374 3412 478 3479 ἑτέρους
497 3413 672 3479 ὑποσελήνους
691 3414 816 3479 δαίμονας
834 3403 1002 3481 ἀοράτουςῧ).

303 3635 322 3702 1)
345 3633 410 3691 Τοὺς
428 3634 506 3687 πάλαι
526 3635 887 3702 θεολόγ11ςο11111011111
906 3641 1001 3702 poetas
1016 3636 1133 3688 Creuzer
1151 3635 1239 3700 Symb.
1255 3634 1297 3687 Ill
1312 3651 1337 3700 p.
1354 3635 1388 3687 74

211 3712 240 3758 11
259 3704 369 3758 Curtius
385 3706 565 3759 Wachsmnth
581 3708 618 3760 ‘d
638 3708 702 3760 Ans.
724 3708 748 3763 d.
769 3706 854 3760 Stoilr.
874 3707 919 3760 iib.
940 3707 1024 3759 Maut.
1044 3723 1070 3758 n.
1090 3706 1190 3759 Daem’
1211 3723 1236 3772 p.
1257 3704 1320 3758 32⁴⁰
1339 3721 1387 3758 suo

212 3776 270 3829 iure
289 3776 435 3830 iusserunt.

301 3848 321 3915 Ι·’)
344 3849 414 3901 Num
438 3849 603 3901 Plutarchus
628 3848 780 3902 subditiciis
804 3849 1093 3917 Neopythagoreorum
1120 3847 1229 3914 scriptis
1257 3864 1323 3900 usus
1351 3847 1388 3900 sit

212 3920 256 3988 111.
277 3919 356 3987 Diog.
376 3920 467 3972 Laert.
488 3920 561 3986 VIII,
582 3921 635 3986 24),
660 3922 710 3973 111
730 3919 882 3973 discernere
906 3937 960 3973 non
983 3935 1065 3986 penes
1091 3935 1133 3972 me
1157 3925 1206 3972 est.
1244 3918 1297 3972 Sed
1319 3918 1387 3971 nihil

211 3991 303 4044 refert.
340 3992 409 4043 Nam
439 3991 601 4056 antiquioris
630 3991 782 4058 philosophi
810 3990 933 4044 doctrina
965 3997 997 4043 nt
1028 3990 1178 4043 videbimus
1207 3989 1325 4043 dilucide
1354 4006 1387 4044 ex

211 4062 354 4115 Plutarchi
372 4062 462 4115 verbis
482 4062 577 4116 enitet.

301 4134 321 4201 3)
342 4134 381 4186 Cf.
401 4134 435 4186 de
453 4135 488 4186 Is.
508 4139 537 4187 et
556 4133 599 4187 Os.
620 4136 653 4186 26
672 4151 697 4200 p.
718 4134 794 4187 3610.

300 4204 323 4271 ⁴)
343 4205 383 4257 cf.
403 4205 591 4258 Wachsmnth.
611 4206 628 4258 l.
648 4206 665 4258 l.
685 4222 710 4271 p.
731 4205 844 4258 37-39.
882 4205 976 4269 Zeller,
997 4205 1039 4256 III
1060 4205 1091 4256 1³
1110 4221 1135 4270 p.
1155 4205 1207 4258 318
1222 4221 1278 4271 sqq.

300 4276 322 4342 1)
343 4276 382 4328 Cf.
399 4276 513 4330 Krische
524 4277 643 4329 ‘Forsch
660 4276 710 4328 auf
722 4277 747 4329 d.
763 4276 877 4329 Gebiete
892 4277 916 4329 d.
937 4275 985 4328 alt.
1000 4275 1075 4328 Phil?
1093 4277 1106 4328 l
1120 4292 1145 4342 p.
1161 4276 1209 4328 311
1223 4293 1279 4342 sqq.
1299 4277 1387 4330 Zeller

211 4347 475 4413 [1111862111.
513 4348 677 4415 Wynpersse
697 4347 777 4400 diatr.
802 4348 836 4400 de
854 4348 967 4400 Xenocr.
1007 4347 1098 4400 Chalc.
1136 4347 1263 4400 Mullach.
1288 4348 1385 4416 fragm.

211 4419 254 4484 ph.
275 4434 315 4485 gr.
336 4418 386 4470 ΙΙΙ.
406 4435 431 4484 p.
453 4420 503 4472 100
518 4436 575 4484 sqq.
608 4419 636 4471 Si
655 4419 771 4486 quaeris,
791 4435 908 4485 quonam
926 4418 995 4471 libro
1015 4418 1189 4485 philosophus
1208 4418 1386 4472 Academicus

211 4491 245 4542 de
264 4489 439 4542 daemonibus
459 4489 559 4558 egerit,
580 4490 682 4559 optima
706 4490 815 4546 videtur
832 4489 958 4544 Krischei
977 4489 1145 4558 coniectura,
1166 4489 1213 4556 qui
1231 4490 1386 4557 suspicatus
