3210 5010
688 603 829 721 caput
860 602 910 697 Η.

281 823 329 879 De
353 823 570 880 divinatione
593 822 717 880 animis
740 821 900 879 humanis
923 801 1038 880 insita
1062 824 1164 894 atque
1188 822 1317 880 innata.

300 1001 345 1058 Ab
370 1001 419 1058 illa
444 1000 613 1059 Cleombroti
637 1001 670 1058 de
695 999 866 1058 divinatione
890 999 1041 1069 sententia,
1066 1018 1151 1072 quam
1174 1001 1203 1057 in
1227 1000 1387 1057 universum

212 1090 248 1146 ad
272 1091 458 1149 Xenocratem
489 1090 663 1160 rettulimus,
689 1090 808 1146 multum
831 1088 921 1146 distat
953 1089 1058 1159 altera,
1092 1090 1172 1147 cuius
1202 1089 1389 1162 patrocinium

212 1179 360 1252 Lamprias
376 1197 399 1237 c.
416 1178 458 1239 39
474 1197 536 1252 sqq.
553 1179 687 1251 suscepit.
728 1178 848 1248 Etenim,
870 1195 1042 1250 quamquam
1055 1179 1206 1251 Lamprias
1230 1179 1266 1235 ad
1281 1179 1389 1236 Cleom-

212 1268 286 1326 broti
305 1269 462 1326 doctrinam
481 1269 613 1338 inclinat,
639 1268 749 1325 initium
773 1267 938 1340 disputandi
960 1269 1157 1326 tantummodo
1179 1267 1216 1324 ab
1240 1286 1273 1324 ea
1298 1268 1389 1340 capit:

213 1359 259 1415 via
275 1376 331 1431 qua
345 1359 525 1431 progreditur
538 1375 655 1430 prorsus
670 1360 714 1415 est
729 1358 787 1414 alia
806 1358 834 1413 et
856 1374 945 1428 paene
969 1357 1120 1414 contraria.
1159 1357 1238 1414 Haec
1262 1359 1305 1414 est
1329 1358 1388 1414 eius

213 1448 369 1506 conclusio:
400 1442 441 1504 ‘Si
471 1448 498 1504 in
524 1447 625 1504 animis
659 1465 676 1503 a
709 1446 873 1518 corporibus
907 1446 1041 1503 seiunctis
1074 1447 1116 1503 vis
1149 1447 1288 1518 quaedam
1319 1446 1390 1503 divi-

213 1537 299 1593 nandi
332 1537 419 1606 inest,
444 1537 541 1594 eadem
573 1537 616 1594 vis
644 1536 672 1592 in
697 1536 737 1592 eis
765 1535 882 1604 animis,
911 1552 983 1607 quae
1013 1535 1177 1607 corporibus
1201 1536 1388 1604 continentur,

213 1627 372 1684 necessario
397 1626 555 1683 invenitnr’.
594 1625 688 1695 Quid?
711 1625 765 1681 bac
788 1624 1003 1681 ratiocinatione
1027 1641 1119 1681 nonne
1147 1625 1238 1681 omnis
1266 1626 1299 1681 de
1323 1625 1390 1682 dae-

212 1715 343 1772 monibus
358 1715 487 1772 doctrina
510 1715 638 1772 funditus
662 1715 788 1771 deletur?
830 1713 914 1781 Nam,
939 1713 964 1771 si
988 1713 1089 1770 animis
1112 1715 1243 1771 humanis
1266 1714 1323 1771 iam
1346 1716 1390 1772 in-

213 1805 269 1862 sita
293 1808 337 1863 est
360 1805 484 1863 facultas
503 1804 658 1872 divinandi,
683 1821 744 1860 eam
769 1803 942 1860 extrinsecus
965 1802 1061 1860 inferri
1084 1820 1201 1875 prorsus
1225 1807 1268 1861 ost
1292 1822 1390 1877 super-

212 1911 376 1952 vacaneum.
425 1895 505 1963 Quod
538 1911 621 1966 quam
646 1910 742 1950 verum
766 1892 816 1961 sit,
846 1892 919 1949 satis
947 1892 1028 1949 docet
1057 1893 1218 1965 explanatio
1241 1894 1389 1966 Lampriae

213 2001 285 2056 quae
304 1984 440 2056 sequitur.
478 1983 554 2040 Nam
572 1983 601 2039 in
620 1982 754 2055 proximis
775 1981 917 2053 capitibus
942 1999 976 2037 ne
999 1999 1055 2039 uuo
1080 1982 1190 2054 quidem
1213 1983 1298 2041 verbo
1322 1984 1389 2040 dae-

212 2089 324 2130 monum
345 2073 448 2130 mentio
472 2072 513 2130 lit.
551 2073 669 2129 Demum
689 2088 713 2128 c.
734 2068 775 2130 48
796 2070 942 2127 Ammonio
968 2071 1087 2142 aliisque
1110 2071 1285 2129 interlocutis
1305 2072 1389 2129 Lam-

212 2161 290 2233 prias
319 2161 421 2219 audaci
449 2161 570 2218 remedio
598 2159 819 2232 discrepantias,
845 2177 916 2232 quas
944 2159 1017 2217 inter
1041 2162 1188 2233 utramque
1221 2161 1390 2219 sententiam

213 2250 382 2307 intercedere
415 2267 439 2307 c.
469 2248 511 2310 lo
534 2249 700 2306 Ammonius
733 2249 877 2321 sagaciter
909 2248 1026 2317 detexit,
1060 2249 1224 2306 submovere
1258 2253 1388 2308 conatur:

127 2386 130 2390 ,
212 2341 360 2412 utramque
394 2339 549 2396 doctrinam
582 2339 612 2395 in
640 2355 726 2394 unam
755 2337 897 2395 contrahit
924 2337 1117 2395 infelicissimo
1146 2339 1268 2411 ingenio.
1315 2339 1390 2396 Nam

213 2445 337 2501 quanam
351 2429 520 2486 necessitate
544 2428 715 2500 postulatur,
740 2429 771 2484 ut
790 2428 882 2484 terrae
905 2426 1143 2497 exhalationibus,
1168 2428 1271 2500 quibus
1295 2429 1390 2486 divina

214 2516 368 2574 animorum
393 2517 436 2574 vis
460 2517 607 2584 excitatur,
632 2517 782 2573 daemones
805 2518 942 2588 tanquam
966 2517 1094 2570 ἐπιστάται
1113 2519 1159 2571 καὶ
1185 2520 1318 2586 aspirator
1346 2521 1391 2573 καὶ

213 2609 330 2675 φύλακες
358 2609 589 2678 praeponantur?

302 2695 454 2752 Videamus
469 2712 543 2752 nunc
558 2694 651 2767 qualis
666 2695 704 2752 sit
719 2694 769 2750 illa
784 2693 919 2750 divinatio
939 2711 1011 2765 quae
1026 2693 1193 2751 daemonum
1213 2711 1264 2767 ope
1279 2698 1389 2754 careat:

210 2777 388 2842 ‘Praesensio
412 2802 503 2841 rerum
517 2783 686 2853 futurarum,
711 2800 882 2856 quamquain
896 2800 946 2854 per
970 2800 999 2839 se
1023 2782 1097 2840 inest
1120 2783 1148 2839 in
1172 2783 1304 2841 humanis
1328 2786 1389 2842 ani-

213 2873 275 2941 mis,
299 2874 394 2930 tamen
419 2873 542 2945 corporis
565 2872 761 2944 voluptatibus
789 2872 941 2928 obscurata
969 2889 1032 2928 raro
1061 2875 1189 2944 apparet.
1236 2873 1275 2930 Ut
1297 2890 1389 2931 recor-

213 2961 326 3019 datione
354 2980 398 3019 res
426 2961 595 3034 praeteritas
624 2961 716 3018 animo
744 2962 886 3029 tenemuS,
915 2961 956 3017 ita
980 2960 1150 3018 divinatione
1173 2961 1284 3020 futuras
1309 2966 1389 3021 ante-

213 3051 350 3122 capimus.
397 3051 476 3107 Haec
504 3051 664 3123 augurandi
691 3050 734 3107 vis
757 3049 923 3122 praevalida
946 3052 1004 3117 est,
1036 3050 1062 3106 si
1084 3050 1113 3106 in
1138 3051 1254 3108 somniis
1278 3053 1306 3108 et
1329 3070 1389 3126 my-

213 3138 306 3197 steriis
340 3156 441 3212 corpus
474 3142 613 3212 purgatur
646 3141 696 3196 aut
727 3138 769 3196 ita
800 3140 986 3210 temperatur,
1020 3140 1052 3194 ut
1084 3139 1195 3196 animus
1223 3140 1342 3198 insanus
1373 3159 1390 3198 a

212 3229 297 3285 rebus
320 3228 518 3300 praesentibus
542 3245 627 3301 quam
651 3227 770 3285 maxime
794 3229 917 3284 remotus
941 3243 1025 3284 casus
1048 3227 1159 3285 futuros
1183 3229 1388 3301 praevideat).

213 3317 292 3374 Talis
312 3317 436 3389 corporis
455 3317 621 3389 temperatio
649 3319 838 3384 ἐνθουσιασμός
861 3318 987 3373 vocatur.
1025 3317 1141 3373 Praeter
1163 3317 1237 3374 hanc
1261 3318 1389 3376 affectio-

213 3423 276 3462 nem
300 3406 388 3462 animi
414 3423 486 3478 quae
510 3424 542 3462 ex
566 3423 680 3478 corpore
702 3405 765 3477 ipso
789 3404 899 3478 paritur
927 3404 1017 3461 altera
1041 3407 1085 3462 est
1108 3423 1180 3477 quae
1203 3406 1324 3464 efficitur
1347 3408 1389 3464 di-

212 3495 277 3551 vino
306 3495 428 3566 quodam
456 3495 591 3553 anhelitu.
637 3494 713 3551 Nam
740 3494 813 3551 vires
842 3493 914 3550 aliae
941 3493 1128 3566 penriciosae,
1158 3494 1230 3551 aliae
1259 3496 1389 3554 salubres

214 3583 316 3640 insitae
341 3586 408 3641 sunt
430 3586 531 3641 terrae.
578 3583 647 3640 Inde
671 3583 758 3640 divini
782 3583 899 3654 spiritus
924 3583 951 3639 in
976 3599 1078 3654 corpus
1101 3583 1256 3640 humanum
1279 3584 1388 3642 intrau-

211 3674 256 3729 tes
280 3672 372 3730 calore
396 3690 447 3730 suo
471 3675 530 3732 τοὺς
548 3676 647 3741 πόρους
667 3672 812 3728 divinandi
835 3671 972 3728 facultate
996 3672 1139 3742 praeditos
1164 3673 1311 3745 aperiunt'.

302 3761 519 3830 Quaerentibus,
544 3761 592 3833 qui
611 3761 716 3817 fixerint
734 3761 817 3816 buius
842 3759 986 3816 doctrinae
1011 3763 1149 3830 auctores,
1175 3761 1203 3818 in
1227 3762 1388 3819 memoria-m

212 3850 273 3906 sine
288 3851 372 3908 dnbio
387 3851 506 3922 primum
522 3849 608 3907 Stoici
623 3849 793 3921 redigentur,
814 3849 860 3920 qni
876 3849 1006 3905 omnibus
1030 3849 1212 3907 divinationis
1236 3851 1389 3924 generibus

212 3933 371 4012 probatis2)
402 3939 542 3996 docebant
570 3937 695 3995 animum
721 3937 875 3995 humanum
903 3955 952 4009 per
980 3955 1041 3995 sese
1074 3939 1250 4010 praevidere,
1285 3940 1388 4013 quippe

302 4217 323 4285 ¹)
341 4234 367 4284 p.
387 4218 457 4271 432ο
475 4217 683 4272 Wacbsmuthio
707 4218 839 4272 suadente
862 4234 910 4285 pro
934 4217 950 4285 ἢ
975 4218 1004 4268 τό
1030 4223 1093 4285 post
1119 4216 1295 4285 λαμβάνοντος
1323 4218 1389 4270 ὥστε

213 4293 321 4340 etcum
338 4287 551 4354 wyttenbachio
571 4289 784 4356 ἐπιστρεφόμεναι
804 4288 954 4343 scribimus.

302 4375 322 4444 ᾖ)
342 4376 382 4429 bf.
402 4377 582 4431 Wachsmnth
597 4377 660 4431 ‘Die
680 4377 831 4431 Ansiohten
856 4379 905 4431 der
923 4378 1007 4430 Stoik.
1027 4377 1094 4431 iiber
1112 4377 1198 4431 liant.
1218 4393 1244 4430 u.
1265 4377 1386 4431 Damon?

213 4464 238 4514 p.
260 4447 293 4500 12
303 4464 359 4514 sqq.

1211 4537 1228 4589 2
