3210 5010
684 306 906 368 „30-

211 487 315 560 quiex
347 486 460 544 1191999
484 486 603 559 affertur
634 486 722 543 multo
755 486 865 543 brevior
892 489 920 544 et
947 485 1039 543 minus
1062 486 1216 543 concinnus
1240 486 1384 543 exhibetur

211 593 295 649 quarn
319 576 395 648 apud
419 575 600 633 Cbalcidium.
647 576 796 633 Praeterea
825 592 857 632 ea
885 575 971 632 verba
994 575 1092 633 horum
1117 576 1255 647 capitum,
1281 575 1383 648 quibus

211 665 427 723 commentarius
442 667 528 734 caret,
552 664 593 721 nil
612 667 680 722 sunt
693 664 749 721 nisi
762 664 941 737 ineptissima
956 664 1159 733 additamenta,
1184 681 1255 737 quae
1275 665 1383 721 nullum

211 754 318 827 ingenii
341 771 457 811 acumen
481 754 601 826 spirant.
639 754 702 810 Huc
725 753 870 810 referenda
893 755 937 810 est
955 753 1191 826 praefatiuncula,
1217 771 1273 826 qua
1297 770 1383 825 opus-

211 844 304 901 culum
327 843 424 901 Pisoni
456 843 567 900 cuidam
600 842 637 898 ab
670 844 784 900 auctore
816 842 970 900 dedicatur.
1019 843 1095 899 ldem
1123 842 1243 914 scriptor
1271 843 1304 899 de
1332 859 1383 899 suo

212 933 321 990 addidit
348 949 419 1004 quae
448 932 483 988 ad
512 931 718 1004 disputationes
747 932 886 1004 quasdam
914 931 941 988 in
971 931 1068 988 schola
1092 934 1120 988 91
1142 931 1257 989 habitas
1281 931 1383 988 91199-

211 1023 319 1079 bendas
343 1023 484 1094 spectant.
531 1021 617 1078 Porro
641 1020 832 1093 compilatoris
857 1024 937 1090 sunt,
962 1038 1034 1093 quae
1058 1020 1122 1077 inde
1145 1038 1162 1076 a
1186 1020 1279 1077 verbis
1299 1022 1384 1075 Δυνά-

210 1134 253 1180 μει
270 1112 319 1180 μὲν
337 1112 384 1164 οὖν
403 1111 525 1167 secundo
554 1110 645 1183 capite
674 1112 795 1167 extremo
824 1110 966 1183 leguntur.
1014 1109 1107 1166 Tertio
1140 1109 1257 1184 denique
1291 1111 1383 1181 capite

213 1200 388 1257 enuntiatum
412 1217 430 1255 a
453 1199 545 1256 verbis
569 1202 605 1258 τίς
623 1199 671 1266 μὲν
689 1199 736 1253 οὖν
758 1198 894 1271 incipiens
919 1201 947 1255 et
970 1198 1189 1255 insulsissimum
1218 1198 1250 1255 de
1275 1199 1384 1256 iteratis

211 1289 354 1346 bominum
383 1288 615 1360 occupationibus
639 1287 862 1344 additamentum
871 1281 893 1355 ¹)
924 1288 1059 1345 orationis
1082 1305 1182 1344 nexum
1206 1287 1299 1360 magis
1323 1289 1384 1345 tur-

212 1379 283 1435 bant
306 1395 391 1449 quam
414 1377 573 1450 expediunt.
610 1377 664 1433 His
688 1377 820 1434 omnibus
844 1377 1064 1448 circumspectis
1089 1393 1151 1433 curn
1175 1376 1273 1449 procul
1298 1377 1383 1434 dubio

212 1467 404 1539 compilatoris
432 1466 579 1524 vanissimi
606 1483 707 1523 manus
736 1466 764 1522 iu
792 1466 840 1523 illo
869 1466 902 1522 de
925 1465 985 1522 lato
1009 1465 1104 1522 libello
1129 1465 1291 1538 agnoverim
1317 1465 1383 1538 quin

212 1574 274 1613 eura
298 1572 360 1614 curn
385 1555 506 1613 Gerclreo
531 1573 548 1612 a
571 1555 724 1612 Plutarcho
748 1555 962 1612 abiudicaturus
987 1554 1036 1624 sis,
1060 1555 1155 1612 nullus
1180 1555 1287 1612 dubito.

301 1646 491 1702 Transeamus
505 1661 581 1701 nunc
595 1645 631 1701 ad
646 1661 679 1701 ea
703 1661 775 1716 quae
790 1644 895 1701 Gercke
920 1644 1012 1701 minus
1035 1645 1109 1700 recte
1132 1643 1241 1701 videtur
1264 1643 1383 1700 admini-

212 1737 330 1792 strasse.
377 1734 433 1790 Res
464 1734 538 1790 enim
565 1733 702 1806 quasdam
731 1733 889 1806 quaestioni
922 1733 1041 1790 maxime
1073 1733 1249 1790 necessarias
1273 1733 1383 1790 silentio

211 1823 366 1896 praeteriit.
413 1822 508 1880 Veluti
531 1839 648 1879 causam
675 1840 807 1893 quaerere
831 1822 964 1891 debebat,
989 1838 1051 1890 cur,
1082 1838 1143 1878 cnm
1172 1822 1305 1879 continua
1327 1822 1384 1878 fero

213 1912 302 1970 oratio
325 1912 410 1969 trium
433 1912 546 1968 illorum
570 1912 693 1983 capitum
716 1913 855 1984 congmat
879 1928 941 1968 curn
961 1911 1097 1968 chalcidii
1120 1910 1223 1968 Latina
1247 1911 1382 1980 versione,

212 2001 312 2074 reliqui
340 2004 434 2059 tamen
463 2001 517 2058 loci
546 2000 592 2073 qui
622 2004 739 2058 consent
726 2001 802 2058 tiunt
828 2000 902 2058 fruet
903 2000 991 2057 ulat
978 2002 1090 2058 atntnm
1119 2000 1177 2058 sint
1199 2018 1288 2073 neque
1312 2001 1385 2057 inter

212 2108 242 2147 99
266 2107 371 2147 conexa
394 2106 483 2162 neque
507 2091 602 2147 eodem
627 2090 722 2156 ordine
751 2089 854 2161 posit.
902 2089 993 2158 Quam
1017 2107 1073 2146 rern
1098 2105 1160 2145 curn
1183 2107 1218 2146 ne
1241 2106 1296 2146 uno
1321 2089 1383 2160 qui-

213 2179 274 2236 dem
298 2179 382 2236 verbo
400 2178 534 2251 tetigerit,
513 2178 631 2235 tidem
650 2195 705 2235 non
726 2178 867 2250 explicuit,
892 2178 1029 2250 quomodo
1048 2178 1153 2235 factum
1179 2178 1225 2247 sit,
1249 2178 1384 2235 9101991-

213 2268 278 2325 cidii
306 2284 388 2339 capp.
420 2265 527 2327 148-
536 2265 608 2336 150,
636 2260 791 2339 treber
824 2269 857 2324 de
888 2267 948 2324 fato
981 2267 1070 2323 libelli
1092 2284 1176 2339 capp.
1202 2265 1276 2337 l,5
1300 2267 1384 2324 rebus

213 2356 332 2429 quidem,
357 2357 486 2413 sednon
510 2357 602 2414 verbis
626 2356 784 2414 concinant.
827 2356 933 2413 Deinde
958 2356 1093 2413 Chalcidii
1116 2357 1209 2413 verbis
1232 2373 1289 2414 non
1313 2357 1385 2414 satis

212 2446 380 2503 examinatis
413 2445 556 2502 contendit
590 2446 621 2518 (l.
651 2445 670 2503 l.
702 2463 730 2517 p.
767 2443 843 2517 279)
877 2447 1123 2503 commentatorem
1152 2445 1259 2502 Timaei
1292 2463 1384 2502 carere

211 2534 403 2606 tripartitione
426 2535 617 2606 providentiae
642 2536 670 2591 91
693 2535 814 2603 deorum,
840 2551 911 2607 quae
935 2534 962 2591 in
987 2535 1131 2606 personati
1151 2535 1297 2592 Plutarchi
1320 2532 1384 2594 99

213 2624 376 2696 reperiatur.
423 2624 539 2681 Utinam
567 2623 714 2696 paululum
742 2623 999 2696 circumspexisset!
1046 2622 1121 2679 Nam
1149 2626 1248 2680 auctor
1275 2640 1384 2696 quoque

213 2712 405 2770 commentarii
427 2712 562 2769 discernit
585 2728 608 2769 c.
633 2710 694 2772 186
718 2712 791 2769 inter
812 2715 871 2769 tros
895 2712 1074 2770 substantias
1098 2712 1141 2769 vel
1165 2712 1241 2780 deos,
1266 2728 1384 2784 quorum

213 2819 351 2859 summurn
379 2801 535 2870 iubentem,
569 2801 722 2858 secundum
752 2801 941 2870 ordinantem,
975 2801 1088 2858 tertium
1116 2801 1316 2858 vaticinantem
1341 2801 1384 2857 in-

213 2891 300 2949 duxit.
338 2890 400 2947 Hoc
413 2891 485 2959 loco,
501 2907 583 2963 quern
597 2889 730 2959 Nemesii,
750 2890 1013 2962 Pseudoplutarclri,
1028 2890 1131 2963 Apulei
1145 2890 1215 2947 locis
1230 2908 1246 2946 a
1262 2890 1383 2947 Gerckeo

214 2980 245 3052 (l.
269 2980 289 3038 l.
313 2997 342 3052 p.
367 2977 431 3039 285
446 2981 502 3052 sq.)
532 2979 561 3035 in
589 2979 825 3050 comparationem
854 2979 963 3036 vocatis
991 2979 1107 3053 adiungi
1136 2979 1289 3052 optabilius
1314 2980 1384 3048 erat,

213 3069 306 3126 sidera
325 3068 435 3141 quidem
456 3085 511 3125 non
536 3068 716 3124 nominantur
740 3086 782 3137 ea,
806 3085 878 3139 quae
902 3068 931 3124 in
954 3068 1057 3126 mundo
1077 3068 1260 3141 gubernando
1284 3084 1384 3126 secun-

213 3159 279 3215 dum
302 3158 393 3215 locum
417 3156 573 3225 obtineant,
598 3157 683 3214 seda
707 3157 829 3214 secundo
853 3157 903 3214 deo
927 3157 1104 3228 providentia
1127 3157 1228 3214 summi
1251 3157 1384 3228 (191919-

213 3250 307 3305 creato
329 3241 424 3324 ‘leges'
451 3246 597 3318 utriusque
629 3245 718 3303 vitae’
751 3245 813 3302 dari
836 3248 932 3318 aperte
956 3246 1066 3303 dicitur.
1108 3244 1209 3303 Nonne
1232 3246 1289 3303 fere
1312 3245 1385 3302 idem

213 3339 270 3405 est,
295 3336 319 3393 si
343 3337 376 3392 de
403 3335 455 3393 fat.
481 3352 505 3392 c.
530 3333 549 3395 9
574 3335 674 3403 991919,
705 3334 754 3407 qui
777 3336 891 3403 δεύτεροι
914 3337 976 3389 θεοί
1001 3335 1195 3407 appellantur,
1224 3335 1384 3392 mortalium
1426 3401 1431 3410 Ι

213 3442 303 3482 rerum
327 3424 495 3497 gubernatio
519 3423 703 3497 assignatur?
744 3423 870 3492 Accedit,
895 3423 978 3495 quod,
1002 3426 1035 3481 ut
1057 3423 1087 3480 in
1109 3424 1159 3480 illo
1182 3423 1277 3481 libello
1300 3423 1385 3481 tertia

213 3513 388 3587 providentia
416 3515 460 3570 991
487 3513 654 3569 daemonum
675 3514 813 3583 tanquam
836 3521 889 3566 τῶν
911 3513 1088 3581 ἀνθρωπίνων
1110 3515 1233 3582 πράξεων
1256 3515 1386 3583 φυλάκων

212 3604 258 3656 καὶ
276 3604 435 3667 ἐπισκόπων,
454 3601 537 3659 11919
558 3601 757 3658 commentario
770 3600 855 3658 tertia
870 3600 1033 3659 substantia
1057 3603 1207 3659 daemones
1229 3595 1384 3673 ‘inspecta-

212 3693 288 3748 tores
312 3691 559 3763 speculatoresque
586 3689 755 3764 meritomm’
779 3689 914 3747 continet.
958 3691 1026 3747 Inde
1049 3691 1110 3747 luce
1134 3690 1239 3748 clarius
1264 3707 1384 3762 cognos-

213 3779 286 3837 citur
309 3779 445 3836 Chalcidii
477 3779 562 3836 verba
595 3778 632 3835 ab
665 3780 778 3836 auctore
811 3779 844 3835 de
877 3778 937 3836 fato
969 3779 1056 3837 libelli
1088 3779 1156 3836 adeo
1181 3796 1236 3837 uon
1261 3779 1385 3850 expilata

213 3887 284 3938 esse,
309 3871 341 3926 ut
363 3868 410 3925 ille
434 3867 631 3940 simpliciorem
657 3867 741 3925 huius
764 3867 855 3924 libelli
878 3867 1033 3924 doctrinam
1058 3867 1258 3925 additamentis
1283 3867 1384 3924 obscu-

213 3958 292 4016 rarit.
329 3957 404 4015 Nam
424 3957 466 4014 illi
488 3956 674 4029 tripartitioni
697 3956 811 4013 deorum
827 3955 945 4024 addidit,
969 3957 1002 4012 ut
1024 3955 1065 4013 ita
1089 3956 1189 4026 dicam,
1215 3955 1385 4013 dualismum

213 4047 367 4118 quendam,
396 4063 450 4118 quo
479 4046 551 4103 inter
577 4040 793 4117 ‘providentiam
822 4044 922 4102 summi
952 4043 1004 4101 dei'
1028 4046 1056 4101 91
1077 4039 1241 4101 ‘secundam
1265 4048 1386 4103 mentem

213 4134 449 4208 intellectumque
478 4135 671 4208 distinguitur.
719 4135 779 4203 Quo
808 4134 884 4190 facto
913 4132 1073 4189 discrimine
1102 4133 1193 4190 solum
1221 4133 1249 4190 in
1277 4134 1385 4206 priores

303 4360 324 4426 ¹)
343 4359 384 4412 cf.
404 4359 515 4413 Gercke.
536 4374 603 4412 mus.
622 4359 708 4412 Rhen.
727 4360 760 4412 41
781 4375 807 4425 p.
827 4359 887 4412 291.

303 4429 323 4498 ²²)
343 4430 421 4496 Quod
435 4429 566 4484 Wrobelii
581 4430 673 4498 editio,
694 4447 748 4496 qua
762 4430 867 4483 Gercke
882 4445 948 4483 usus
967 4437 1017 4498 est,
1037 4429 1103 4483 mihi
1121 4436 1231 4496 praesto
1250 4447 1304 4483 non
1323 4429 1385 4495 fuit,

213 4516 338 4554 numeros
358 4501 422 4554 edit.
443 4500 517 4554 Mull.
538 4501 646 4570 (fragm.
666 4502 710 4569 ph.
730 4517 771 4570 gr.
790 4500 830 4569 II)
849 4516 954 4568 sequor.
