<?xml version="1.0" encoding="UTF-8"?>
<!DOCTYPE html PUBLIC "-//W3C//DTD XHTML 1.0 Transitional//EN"
    "http://www.w3.org/TR/xhtml1/DTD/xhtml1-transitional.dtd">
<html xmlns="http://www.w3.org/1999/xhtml" xml:lang="en" lang="en">
 <head>
  <title>
</title>
<meta http-equiv="Content-Type" content="text/html;charset=utf-8" />
  <meta name='ocr-system' content='tesseract 3.04.00' />
  <meta name='ocr-capabilities' content='ocr_page ocr_carea ocr_par ocr_line ocrx_word'/>
</head>
<body>
  <div class='ocr_page' id='page_1' title='image "./deplutarchisent00schmgoog_0018.png"; bbox 0 0 3210 5010; ppageno 0'>
   <div class='ocr_carea' id='block_1_1' title="bbox 695 321 918 384">
    <p class='ocr_par' dir='ltr' id='par_1_1' title="bbox 695 321 918 384">
     <span class='ocr_line' id='line_1_1' title="bbox 695 321 918 384; baseline -0.004 -18"><span class='ocrx_word' id='word_1_1' title='bbox 695 321 918 384; x_wconf 71' lang='lat'>..13-</span> 
     </span>
    </p>
   </div>
   <div class='ocr_carea' id='block_1_2' title="bbox 167 503 1461 1022">
    <p class='ocr_par' dir='ltr' id='par_1_2' title="bbox 167 503 1461 1022">
     <span class='ocr_line' id='line_1_2' title="bbox 211 503 1391 576; baseline -0.003 -15"><span class='ocrx_word' id='word_1_2' title='bbox 211 509 256 561; x_wconf 86' lang='grc' dir='ltr'>καὶ</span> <span class='ocrx_word' id='word_1_3' title='bbox 275 509 396 576; x_wconf 74' lang='grc' dir='ltr'><strong><em>φθαρτόν</em></strong></span> <span class='ocrx_word' id='word_1_4' title='bbox 414 522 476 562; x_wconf 92' lang='lat' dir='ltr'>esse</span> <span class='ocrx_word' id='word_1_5' title='bbox 499 503 649 562; x_wconf 85' lang='lat' dir='ltr'>notaverit.</span> <span class='ocrx_word' id='word_1_6' title='bbox 697 503 904 575; x_wconf 87' lang='lat' dir='ltr'>Subsequentia</span> <span class='ocrx_word' id='word_1_7' title='bbox 928 520 1038 576; x_wconf 90' lang='lat' dir='ltr'>quoqne</span> <span class='ocrx_word' id='word_1_8' title='bbox 1063 504 1215 573; x_wconf 88' lang='lat' dir='ltr'>addantur,</span> <span class='ocrx_word' id='word_1_9' title='bbox 1237 514 1274 572; x_wconf 75' lang='grc' dir='ltr'>τῷ</span> <span class='ocrx_word' id='word_1_10' title='bbox 1293 505 1322 558; x_wconf 84' lang='grc' dir='ltr'>δὲ</span> <span class='ocrx_word' id='word_1_11' title='bbox 1340 505 1391 558; x_wconf 80' lang='grc' dir='ltr'>ὑπὸ</span> 
     </span>
     <span class='ocr_line' id='line_1_3' title="bbox 213 593 1393 664; baseline -0.003 -14"><span class='ocrx_word' id='word_1_12' title='bbox 213 605 266 650; x_wconf 82' lang='grc' dir='ltr'>τῶν</span> <span class='ocrx_word' id='word_1_13' title='bbox 284 603 382 664; x_wconf 84' lang='grc' dir='ltr'><em>ψυχῶν</em></span> <span class='ocrx_word' id='word_1_14' title='bbox 400 597 485 653; x_wconf 81' lang='grc' dir='ltr'><strong><em>οὕτως</em></strong></span> <span class='ocrx_word' id='word_1_15' title='bbox 504 595 640 658; x_wconf 73' lang='grc' dir='ltr'><strong><em>δεδέσθαι,</em></strong></span> <span class='ocrx_word' id='word_1_16' title='bbox 660 595 727 647; x_wconf 82' lang='grc' dir='ltr'><strong><em>ὥστε</em></strong></span> <span class='ocrx_word' id='word_1_17' title='bbox 746 594 774 646; x_wconf 83' lang='grc' dir='ltr'>ιδ</span> <span class='ocrx_word' id='word_1_18' title='bbox 792 593 860 652; x_wconf 85' lang='grc' dir='ltr'><strong><em>εἶδος</em></strong></span> <span class='ocrx_word' id='word_1_19' title='bbox 884 595 972 647; x_wconf 82' lang='grc' dir='ltr'><strong><em>αὐτῶν</em></strong></span> <span class='ocrx_word' id='word_1_20' title='bbox 990 595 1118 662; x_wconf 84' lang='grc' dir='ltr'><strong><em>διαμένειν</em></strong></span> <span class='ocrx_word' id='word_1_21' title='bbox 1140 595 1221 647; x_wconf 76' lang='grc' dir='ltr'><em>πλείω</em></span> <span class='ocrx_word' id='word_1_22' title='bbox 1240 595 1343 662; x_wconf 79' lang='grc' dir='ltr'><strong><em>χρόνον,</em></strong></span> <span class='ocrx_word' id='word_1_23' title='bbox 1362 595 1393 660; x_wconf 82' lang='grc' dir='ltr'>οὐ</span> 
     </span>
     <span class='ocr_line' id='line_1_4' title="bbox 212 682 1461 754; baseline 0.002 -16"><span class='ocrx_word' id='word_1_24' title='bbox 212 687 265 753; x_wconf 83' lang='grc' dir='ltr'>μήν</span> <span class='ocrx_word' id='word_1_25' title='bbox 283 686 351 738; x_wconf 72' lang='grc' dir='ltr'><strong><em>ἐστιν</em></strong></span> <span class='ocrx_word' id='word_1_26' title='bbox 366 685 479 737; x_wconf 82' lang='grc' dir='ltr'><strong><em>αἰώνιον.</em></strong></span> <span class='ocrx_word' id='word_1_27' title='bbox 511 682 565 739; x_wconf 94' lang='lat' dir='ltr'>His</span> <span class='ocrx_word' id='word_1_28' title='bbox 589 682 682 739; x_wconf 89' lang='lat' dir='ltr'>vorbis</span> <span class='ocrx_word' id='word_1_29' title='bbox 711 699 803 738; x_wconf 92' lang='lat' dir='ltr'>nonne</span> <span class='ocrx_word' id='word_1_30' title='bbox 827 682 1012 740; x_wconf 88' lang='lat' dir='ltr'>daemonibus</span> <span class='ocrx_word' id='word_1_31' title='bbox 1042 682 1149 754; x_wconf 88' lang='lat' dir='ltr'>species</span> <span class='ocrx_word' id='word_1_32' title='bbox 1179 682 1318 754; x_wconf 80' lang='lat' dir='ltr'>quaedam</span> <span class='ocrx_word' id='word_1_33' title='bbox 1341 684 1394 740; x_wconf 90' lang='lat' dir='ltr'>tri·</span> <span class='ocrx_word' id='word_1_34' title='bbox 1459 746 1461 751; x_wconf 55' lang='lat'>.</span> 
     </span>
     <span class='ocr_line' id='line_1_5' title="bbox 212 771 1394 844; baseline -0.001 -14"><span class='ocrx_word' id='word_1_35' title='bbox 212 774 317 840; x_wconf 93' lang='lat' dir='ltr'>buitur,</span> <span class='ocrx_word' id='word_1_36' title='bbox 343 772 424 829; x_wconf 92' lang='lat' dir='ltr'>cuius</span> <span class='ocrx_word' id='word_1_37' title='bbox 447 772 566 829; x_wconf 89' lang='lat' dir='ltr'>mutatio</span> <span class='ocrx_word' id='word_1_38' title='bbox 590 789 665 828; x_wconf 88' lang='lat' dir='ltr'>mors</span> <span class='ocrx_word' id='word_1_39' title='bbox 691 771 871 843; x_wconf 86' lang='lat' dir='ltr'>appellatur?</span> <span class='ocrx_word' id='word_1_40' title='bbox 909 771 1017 829; x_wconf 82' lang='lat' dir='ltr'>Claricr</span> <span class='ocrx_word' id='word_1_41' title='bbox 1044 771 1092 828; x_wconf 83' lang='lat' dir='ltr'>lux</span> <span class='ocrx_word' id='word_1_42' title='bbox 1112 771 1176 828; x_wconf 93' lang='lat' dir='ltr'>huic</span> <span class='ocrx_word' id='word_1_43' title='bbox 1199 772 1326 844; x_wconf 81' lang='lat' dir='ltr'><strong>dogmati</strong></span> <span class='ocrx_word' id='word_1_44' title='bbox 1351 773 1394 829; x_wconf 85' lang='lat' dir='ltr'>af-</span> 
     </span>
     <span class='ocr_line' id='line_1_6' title="bbox 211 859 1387 936; baseline -0.001 -17"><span class='ocrx_word' id='word_1_45' title='bbox 211 861 333 936; x_wconf 88' lang='lat' dir='ltr'>fulgebit</span> <span class='ocrx_word' id='word_1_46' title='bbox 347 879 380 917; x_wconf 83' lang='lat' dir='ltr'>en</span> <span class='ocrx_word' id='word_1_47' title='bbox 393 860 579 932; x_wconf 75' lang='lat' dir='ltr'><strong>ineptissimis</strong></span> <span class='ocrx_word' id='word_1_48' title='bbox 604 860 727 924; x_wconf 88' lang='lat' dir='ltr'>eiusdem</span> <span class='ocrx_word' id='word_1_49' title='bbox 741 859 939 931; x_wconf 89' lang='lat' dir='ltr'>Neoplatonici</span> <span class='ocrx_word' id='word_1_50' title='bbox 964 860 1057 917; x_wconf 88' lang='lat' dir='ltr'>verbis</span> <span class='ocrx_word' id='word_1_51' title='bbox 1076 861 1104 917; x_wconf 91' lang='lat' dir='ltr'>in</span> <span class='ocrx_word' id='word_1_52' title='bbox 1120 861 1212 917; x_wconf 91' lang='lat' dir='ltr'>Procli</span> <span class='ocrx_word' id='word_1_53' title='bbox 1236 877 1335 918; x_wconf 92' lang='lat' dir='ltr'>comm.</span> <span class='ocrx_word' id='word_1_54' title='bbox 1359 862 1387 919; x_wconf 92' lang='lat' dir='ltr'>in</span> 
     </span>
     <span class='ocr_line' id='line_1_7' title="bbox 167 945 1393 1022; baseline -0.001 -13"><span class='ocrx_word' id='word_1_55' title='bbox 167 1013 171 1022; x_wconf 31' lang='lat'><strong>¹</strong></span> <span class='ocrx_word' id='word_1_56' title='bbox 213 952 284 1009; x_wconf 82' lang='lat' dir='ltr'>Tim.</span> <span class='ocrx_word' id='word_1_57' title='bbox 314 967 341 1022; x_wconf 87' lang='lat' dir='ltr'>p.</span> <span class='ocrx_word' id='word_1_58' title='bbox 375 945 461 1017; x_wconf 66' lang='lat'>120⁶,</span> <span class='ocrx_word' id='word_1_59' title='bbox 495 950 543 1006; x_wconf 90' lang='lat' dir='ltr'>ubi</span> <span class='ocrx_word' id='word_1_60' title='bbox 578 949 696 1007; x_wconf 89' lang='lat' dir='ltr'>cremari</span> <span class='ocrx_word' id='word_1_61' title='bbox 728 965 812 1022; x_wconf 88' lang='lat' dir='ltr'>posse</span> <span class='ocrx_word' id='word_1_62' title='bbox 845 949 942 1022; x_wconf 91' lang='lat' dir='ltr'>genios</span> <span class='ocrx_word' id='word_1_63' title='bbox 976 949 1071 1022; x_wconf 90' lang='lat' dir='ltr'>eisque</span> <span class='ocrx_word' id='word_1_64' title='bbox 1104 950 1235 1007; x_wconf 87' lang='lat' dir='ltr'>crematis</span> <span class='ocrx_word' id='word_1_65' title='bbox 1269 949 1393 1008; x_wconf 89' lang='lat' dir='ltr'>cinerem</span> 
     </span>
    </p>
   </div>
   <div class='ocr_carea' id='block_1_3' title="bbox 213 1038 1485 1111">
    <p class='ocr_par' dir='ltr' id='par_1_3' title="bbox 213 1038 1485 1111">
     <span class='ocr_line' id='line_1_8' title="bbox 213 1038 1485 1111; baseline -0.001 -13"><span class='ocrx_word' id='word_1_66' title='bbox 213 1043 321 1098; x_wconf 90' lang='lat' dir='ltr'>restare</span> <span class='ocrx_word' id='word_1_67' title='bbox 344 1039 510 1096; x_wconf 81' lang='lat' dir='ltr'>hariolator.</span> <span class='ocrx_word' id='word_1_68' title='bbox 559 1040 677 1111; x_wconf 78' lang='lat' dir='ltr'>Spectat</span> <span class='ocrx_word' id='word_1_69' title='bbox 700 1038 787 1111; x_wconf 89' lang='lat' dir='ltr'>igitur</span> <span class='ocrx_word' id='word_1_70' title='bbox 811 1038 977 1095; x_wconf 89' lang='lat' dir='ltr'>daemonum</span> <span class='ocrx_word' id='word_1_71' title='bbox 997 1056 1086 1109; x_wconf 92' lang='lat' dir='ltr'>mors,</span> <span class='ocrx_word' id='word_1_72' title='bbox 1112 1039 1244 1111; x_wconf 89' lang='lat' dir='ltr'>quoniam</span> <span class='ocrx_word' id='word_1_73' title='bbox 1268 1041 1309 1096; x_wconf 92' lang='lat' dir='ltr'>eis</span> <span class='ocrx_word' id='word_1_74' title='bbox 1334 1056 1394 1098; x_wconf 91' lang='lat' dir='ltr'>cre·</span> <span class='ocrx_word' id='word_1_75' title='bbox 1483 1064 1485 1068; x_wconf 95' lang='lat'>·</span> 
     </span>
    </p>
   </div>
   <div class='ocr_carea' id='block_1_4' title="bbox 212 1127 1395 2093">
    <p class='ocr_par' dir='ltr' id='par_1_4' title="bbox 213 1127 1395 1291">
     <span class='ocr_line' id='line_1_9' title="bbox 213 1127 1395 1201; baseline -0.001 -14"><span class='ocrx_word' id='word_1_76' title='bbox 213 1130 298 1187; x_wconf 89' lang='lat' dir='ltr'>matis</span> <span class='ocrx_word' id='word_1_77' title='bbox 323 1145 486 1200; x_wconf 88' lang='lat' dir='ltr'>corporeum</span> <span class='ocrx_word' id='word_1_78' title='bbox 509 1128 652 1201; x_wconf 79' lang='lat' dir='ltr'>quoddam</span> <span class='ocrx_word' id='word_1_79' title='bbox 675 1130 781 1184; x_wconf 84' lang='lat' dir='ltr'>restare</span> <span class='ocrx_word' id='word_1_80' title='bbox 806 1127 922 1197; x_wconf 90' lang='lat' dir='ltr'>dicitur,</span> <span class='ocrx_word' id='word_1_81' title='bbox 947 1127 1038 1184; x_wconf 91' lang='lat' dir='ltr'>solum</span> <span class='ocrx_word' id='word_1_82' title='bbox 1062 1128 1098 1185; x_wconf 92' lang='lat' dir='ltr'>ad</span> <span class='ocrx_word' id='word_1_83' title='bbox 1122 1128 1253 1186; x_wconf 90' lang='lat' dir='ltr'>aetherea</span> <span class='ocrx_word' id='word_1_84' title='bbox 1277 1129 1395 1186; x_wconf 90' lang='lat' dir='ltr'>illorum</span> 
     </span>
     <span class='ocr_line' id='line_1_10' title="bbox 214 1218 511 1291; baseline 0 -16"><span class='ocrx_word' id='word_1_85' title='bbox 214 1218 358 1291; x_wconf 90' lang='lat' dir='ltr'>geniorum</span> <span class='ocrx_word' id='word_1_86' title='bbox 383 1233 511 1288; x_wconf 89' lang='lat' dir='ltr'>corpora.</span> 
     </span>
    </p>

    <p class='ocr_par' dir='ltr' id='par_1_5' title="bbox 212 1305 1395 2093">
     <span class='ocr_line' id='line_1_11' title="bbox 304 1305 1394 1381; baseline 0.001 -17"><span class='ocrx_word' id='word_1_87' title='bbox 304 1307 383 1364; x_wconf 91' lang='lat' dir='ltr'>Haec</span> <span class='ocrx_word' id='word_1_88' title='bbox 402 1307 531 1364; x_wconf 90' lang='lat' dir='ltr'>doctrina</span> <span class='ocrx_word' id='word_1_89' title='bbox 550 1305 711 1364; x_wconf 90' lang='lat' dir='ltr'>illustratur</span> <span class='ocrx_word' id='word_1_90' title='bbox 732 1305 937 1378; x_wconf 87' lang='lat' dir='ltr'>quodammodo</span> <span class='ocrx_word' id='word_1_91' title='bbox 952 1305 1098 1363; x_wconf 79' lang='lat' dir='ltr'><strong>Plutarchi</strong></span> <span class='ocrx_word' id='word_1_92' title='bbox 1121 1306 1227 1376; x_wconf 87' lang='lat' dir='ltr'>libello,</span> <span class='ocrx_word' id='word_1_93' title='bbox 1252 1325 1307 1380; x_wconf 92' lang='lat' dir='ltr'>qno</span> <span class='ocrx_word' id='word_1_94' title='bbox 1331 1308 1394 1381; x_wconf 89' lang='lat' dir='ltr'>agi·</span> 
     </span>
     <span class='ocr_line' id='line_1_12' title="bbox 212 1393 1394 1469; baseline -0.001 -14"><span class='ocrx_word' id='word_1_95' title='bbox 212 1400 259 1455; x_wconf 91' lang='lat' dir='ltr'>tur</span> <span class='ocrx_word' id='word_1_96' title='bbox 282 1397 316 1453; x_wconf 91' lang='lat' dir='ltr'>de</span> <span class='ocrx_word' id='word_1_97' title='bbox 345 1395 416 1452; x_wconf 81' lang='lat' dir='ltr'>facie</span> <span class='ocrx_word' id='word_1_98' title='bbox 446 1395 476 1451; x_wconf 91' lang='lat' dir='ltr'>in</span> <span class='ocrx_word' id='word_1_99' title='bbox 510 1395 575 1453; x_wconf 91' lang='lat' dir='ltr'>orbe</span> <span class='ocrx_word' id='word_1_100' title='bbox 605 1395 699 1452; x_wconf 90' lang='lat' dir='ltr'>lunae.</span> <span class='ocrx_word' id='word_1_101' title='bbox 746 1394 875 1466; x_wconf 77' lang='lat' dir='ltr'>Namque</span> <span class='ocrx_word' id='word_1_102' title='bbox 904 1412 927 1452; x_wconf 91' lang='lat' dir='ltr'>c.</span> <span class='ocrx_word' id='word_1_103' title='bbox 953 1393 995 1454; x_wconf 83' lang='lat'>28</span> <span class='ocrx_word' id='word_1_104' title='bbox 1006 1412 1068 1467; x_wconf 90' lang='lat' dir='ltr'>sqq.</span> <span class='ocrx_word' id='word_1_105' title='bbox 1099 1395 1178 1452; x_wconf 87' lang='lat' dir='ltr'>Sulla</span> <span class='ocrx_word' id='word_1_106' title='bbox 1207 1396 1321 1469; x_wconf 90' lang='lat' dir='ltr'>quidam</span> <span class='ocrx_word' id='word_1_107' title='bbox 1350 1397 1394 1454; x_wconf 93' lang='lat' dir='ltr'>his</span> 
     </span>
     <span class='ocr_line' id='line_1_13' title="bbox 214 1483 1394 1545; baseline 0.001 -3"><span class='ocrx_word' id='word_1_108' title='bbox 214 1485 270 1542; x_wconf 82' lang='grc'>1010</span> <span class='ocrx_word' id='word_1_109' title='bbox 294 1485 387 1542; x_wconf 86' lang='lat' dir='ltr'>verbis</span> <span class='ocrx_word' id='word_1_110' title='bbox 413 1484 590 1542; x_wconf 81' lang='lat' dir='ltr'>auditoribus</span> <span class='ocrx_word' id='word_1_111' title='bbox 615 1483 829 1541; x_wconf 77' lang='lat' dir='ltr'>admirationem</span> <span class='ocrx_word' id='word_1_112' title='bbox 853 1486 959 1541; x_wconf 85' lang='lat' dir='ltr'>movet:</span> <span class='ocrx_word' id='word_1_113' title='bbox 992 1484 1123 1541; x_wconf 88' lang='lat' dir='ltr'>Hominis</span> <span class='ocrx_word' id='word_1_114' title='bbox 1146 1487 1250 1541; x_wconf 87' lang='lat' dir='ltr'>natura</span> <span class='ocrx_word' id='word_1_115' title='bbox 1281 1486 1308 1542; x_wconf 94' lang='lat' dir='ltr'>in</span> <span class='ocrx_word' id='word_1_116' title='bbox 1337 1489 1394 1545; x_wconf 91' lang='lat' dir='ltr'>tres</span> 
     </span>
     <span class='ocr_line' id='line_1_14' title="bbox 215 1567 1394 1646; baseline 0.001 -15"><span class='ocrx_word' id='word_1_117' title='bbox 215 1576 312 1646; x_wconf 90' lang='lat' dir='ltr'>partes</span> <span class='ocrx_word' id='word_1_118' title='bbox 332 1573 474 1641; x_wconf 85' lang='lat' dir='ltr'>dividitur,</span> <span class='ocrx_word' id='word_1_119' title='bbox 496 1590 607 1645; x_wconf 92' lang='lat' dir='ltr'>corpus,</span> <span class='ocrx_word' id='word_1_120' title='bbox 629 1573 762 1642; x_wconf 90' lang='lat' dir='ltr'>animam,</span> <span class='ocrx_word' id='word_1_121' title='bbox 783 1567 947 1645; x_wconf 48' lang='lat' dir='ltr'>mentemst.</span> <span class='ocrx_word' id='word_1_122' title='bbox 987 1572 1084 1630; x_wconf 90' lang='lat' dir='ltr'>Omnis</span> <span class='ocrx_word' id='word_1_123' title='bbox 1104 1574 1199 1630; x_wconf 90' lang='lat' dir='ltr'>anima</span> <span class='ocrx_word' id='word_1_124' title='bbox 1218 1574 1276 1631; x_wconf 91' lang='lat' dir='ltr'>sive</span> <span class='ocrx_word' id='word_1_125' title='bbox 1296 1592 1394 1632; x_wconf 86' lang='lat' dir='ltr'>carens</span> 
     </span>
     <span class='ocr_line' id='line_1_15' title="bbox 213 1661 1394 1735; baseline 0 -14"><span class='ocrx_word' id='word_1_126' title='bbox 213 1664 272 1721; x_wconf 90' lang='lat' dir='ltr'>sive</span> <span class='ocrx_word' id='word_1_127' title='bbox 295 1663 425 1735; x_wconf 88' lang='lat' dir='ltr'>praedita</span> <span class='ocrx_word' id='word_1_128' title='bbox 449 1665 555 1731; x_wconf 90' lang='lat' dir='ltr'>mente,</span> <span class='ocrx_word' id='word_1_129' title='bbox 580 1662 750 1735; x_wconf 78' lang='lat' dir='ltr'>simulatque</span> <span class='ocrx_word' id='word_1_130' title='bbox 775 1680 807 1718; x_wconf 85' lang='lat' dir='ltr'>er</span> <span class='ocrx_word' id='word_1_131' title='bbox 831 1679 945 1734; x_wconf 90' lang='lat' dir='ltr'>corpore</span> <span class='ocrx_word' id='word_1_132' title='bbox 969 1661 1049 1731; x_wconf 79' lang='lat' dir='ltr'>exiit,</span> <span class='ocrx_word' id='word_1_133' title='bbox 1080 1662 1134 1719; x_wconf 84' lang='lat' dir='ltr'>fati</span> <span class='ocrx_word' id='word_1_134' title='bbox 1157 1663 1219 1735; x_wconf 88' lang='lat' dir='ltr'>lege</span> <span class='ocrx_word' id='word_1_135' title='bbox 1243 1667 1342 1722; x_wconf 90' lang='lat' dir='ltr'>coacta</span> <span class='ocrx_word' id='word_1_136' title='bbox 1366 1665 1394 1721; x_wconf 93' lang='lat' dir='ltr'>in</span> 
     </span>
     <span class='ocr_line' id='line_1_16' title="bbox 214 1750 1395 1825; baseline 0 -16"><span class='ocrx_word' id='word_1_137' title='bbox 214 1771 248 1808; x_wconf 88' lang='lat' dir='ltr'>ea</span> <span class='ocrx_word' id='word_1_138' title='bbox 262 1752 360 1809; x_wconf 91' lang='lat' dir='ltr'>mundi</span> <span class='ocrx_word' id='word_1_139' title='bbox 374 1751 496 1824; x_wconf 87' lang='lat' dir='ltr'>regione,</span> <span class='ocrx_word' id='word_1_140' title='bbox 522 1769 594 1824; x_wconf 87' lang='lat' dir='ltr'>quae</span> <span class='ocrx_word' id='word_1_141' title='bbox 617 1751 735 1809; x_wconf 90' lang='lat' dir='ltr'>interest</span> <span class='ocrx_word' id='word_1_142' title='bbox 749 1750 823 1808; x_wconf 90' lang='lat' dir='ltr'>inter</span> <span class='ocrx_word' id='word_1_143' title='bbox 845 1754 949 1808; x_wconf 87' lang='lat' dir='ltr'>terram</span> <span class='ocrx_word' id='word_1_144' title='bbox 973 1753 1001 1808; x_wconf 92' lang='grc'>01</span> <span class='ocrx_word' id='word_1_145' title='bbox 1019 1751 1127 1820; x_wconf 87' lang='lat' dir='ltr'>lunam,</span> <span class='ocrx_word' id='word_1_146' title='bbox 1151 1754 1282 1825; x_wconf 85' lang='lat' dir='ltr'>vagatur,</span> <span class='ocrx_word' id='word_1_147' title='bbox 1307 1753 1395 1810; x_wconf 92' lang='lat' dir='ltr'>donec</span> 
     </span>
     <span class='ocr_line' id='line_1_17' title="bbox 215 1840 1393 1912; baseline 0.001 -14"><span class='ocrx_word' id='word_1_148' title='bbox 215 1842 251 1898; x_wconf 89' lang='lat' dir='ltr'>ad</span> <span class='ocrx_word' id='word_1_149' title='bbox 284 1841 381 1898; x_wconf 90' lang='lat' dir='ltr'>lunam</span> <span class='ocrx_word' id='word_1_150' title='bbox 409 1840 574 1912; x_wconf 87' lang='lat' dir='ltr'>pervenerit.</span> <span class='ocrx_word' id='word_1_151' title='bbox 621 1840 701 1896; x_wconf 89' lang='lat' dir='ltr'>Unde</span> <span class='ocrx_word' id='word_1_152' title='bbox 730 1840 840 1896; x_wconf 88' lang='lat' dir='ltr'>animae</span> <span class='ocrx_word' id='word_1_153' title='bbox 867 1840 923 1896; x_wconf 91' lang='lat' dir='ltr'>iarn</span> <span class='ocrx_word' id='word_1_154' title='bbox 953 1840 1103 1897; x_wconf 87' lang='lat' dir='ltr'>daemones</span> <span class='ocrx_word' id='word_1_155' title='bbox 1133 1840 1203 1899; x_wconf 83' lang='lat' dir='ltr'>facti</span> <span class='ocrx_word' id='word_1_156' title='bbox 1233 1841 1262 1898; x_wconf 93' lang='lat' dir='ltr'>in</span> <span class='ocrx_word' id='word_1_157' title='bbox 1289 1843 1393 1899; x_wconf 90' lang='lat' dir='ltr'>terram</span> 
     </span>
     <span class='ocr_line' id='line_1_18' title="bbox 215 1928 1395 2002; baseline 0.002 -16"><span class='ocrx_word' id='word_1_158' title='bbox 215 1931 399 1998; x_wconf 90' lang='lat' dir='ltr'>descendunt,</span> <span class='ocrx_word' id='word_1_159' title='bbox 423 1931 456 1986; x_wconf 90' lang='lat' dir='ltr'>ut</span> <span class='ocrx_word' id='word_1_160' title='bbox 479 1929 594 1986; x_wconf 88' lang='lat' dir='ltr'>oracula</span> <span class='ocrx_word' id='word_1_161' title='bbox 610 1928 818 1998; x_wconf 86' lang='lat' dir='ltr'>administrent,</span> <span class='ocrx_word' id='word_1_162' title='bbox 843 1929 933 1986; x_wconf 89' lang='lat' dir='ltr'>sacris</span> <span class='ocrx_word' id='word_1_163' title='bbox 957 1929 1098 2002; x_wconf 86' lang='lat' dir='ltr'>mysteriis</span> <span class='ocrx_word' id='word_1_164' title='bbox 1122 1930 1262 1999; x_wconf 88' lang='lat' dir='ltr'>intersint,</span> <span class='ocrx_word' id='word_1_165' title='bbox 1288 1931 1395 1988; x_wconf 89' lang='lat' dir='ltr'>scelera</span> 
     </span>
     <span class='ocr_line' id='line_1_19' title="bbox 215 2018 1393 2093; baseline 0.001 -17"><span class='ocrx_word' id='word_1_166' title='bbox 215 2036 248 2076; x_wconf 90' lang='lat' dir='ltr'>ac</span> <span class='ocrx_word' id='word_1_167' title='bbox 265 2019 376 2093; x_wconf 87' lang='lat' dir='ltr'>flagitia</span> <span class='ocrx_word' id='word_1_168' title='bbox 390 2019 532 2076; x_wconf 90' lang='lat' dir='ltr'>hominurn</span> <span class='ocrx_word' id='word_1_169' title='bbox 547 2019 678 2090; x_wconf 90' lang='lat' dir='ltr'>puniant,</span> <span class='ocrx_word' id='word_1_170' title='bbox 694 2018 921 2090; x_wconf 83' lang='lat' dir='ltr'>periclitantibus</span> <span class='ocrx_word' id='word_1_171' title='bbox 935 2020 1026 2075; x_wconf 89' lang='lat' dir='ltr'>terrae</span> <span class='ocrx_word' id='word_1_172' title='bbox 1040 2018 1166 2091; x_wconf 90' lang='lat' dir='ltr'>marique</span> <span class='ocrx_word' id='word_1_173' title='bbox 1181 2019 1352 2077; x_wconf 88' lang='lat' dir='ltr'>subveniant</span> <span class='ocrx_word' id='word_1_174' title='bbox 1372 2028 1393 2092; x_wconf 69' lang='lat' dir='ltr'>l.</span> 
     </span>
    </p>
   </div>
   <div class='ocr_carea' id='block_1_5' title="bbox 215 2106 1473 2180">
    <p class='ocr_par' dir='ltr' id='par_1_6' title="bbox 215 2106 1473 2180">
     <span class='ocr_line' id='line_1_20' title="bbox 215 2106 1473 2180; baseline 0 -15"><span class='ocrx_word' id='word_1_175' title='bbox 215 2108 325 2177; x_wconf 76' lang='lat' dir='ltr'>Quibus</span> <span class='ocrx_word' id='word_1_176' title='bbox 349 2108 377 2164; x_wconf 95' lang='lat' dir='ltr'>in</span> <span class='ocrx_word' id='word_1_177' title='bbox 403 2107 485 2164; x_wconf 89' lang='lat' dir='ltr'>rebus</span> <span class='ocrx_word' id='word_1_178' title='bbox 510 2108 703 2180; x_wconf 83' lang='lat' dir='ltr'>gubernandis</span> <span class='ocrx_word' id='word_1_179' title='bbox 730 2107 754 2164; x_wconf 92' lang='lat' dir='ltr'>si</span> <span class='ocrx_word' id='word_1_180' title='bbox 778 2107 844 2179; x_wconf 90' lang='lat' dir='ltr'>quid</span> <span class='ocrx_word' id='word_1_181' title='bbox 872 2106 1050 2179; x_wconf 88' lang='lat' dir='ltr'>peccaverint</span> <span class='ocrx_word' id='word_1_182' title='bbox 1079 2109 1129 2164; x_wconf 89' lang='lat' dir='ltr'>aut</span> <span class='ocrx_word' id='word_1_183' title='bbox 1156 2108 1198 2164; x_wconf 89' lang='lat' dir='ltr'>ira</span> <span class='ocrx_word' id='word_1_184' title='bbox 1227 2111 1276 2165; x_wconf 90' lang='lat' dir='ltr'>aut</span> <span class='ocrx_word' id='word_1_185' title='bbox 1300 2109 1393 2165; x_wconf 89' lang='lat' dir='ltr'>studio</span> <span class='ocrx_word' id='word_1_186' title='bbox 1470 2150 1473 2156; x_wconf 83' lang='grc'>-</span> 
     </span>
    </p>
   </div>
   <div class='ocr_carea' id='block_1_6' title="bbox 140 2189 1394 3604">
    <p class='ocr_par' dir='ltr' id='par_1_7' title="bbox 140 2189 1394 3604">
     <span class='ocr_line' id='line_1_21' title="bbox 214 2189 1394 2270; baseline 0.002 -17"><span class='ocrx_word' id='word_1_187' title='bbox 214 2197 342 2270; x_wconf 91' lang='lat' dir='ltr'>pellecti,</span> <span class='ocrx_word' id='word_1_188' title='bbox 375 2214 474 2253; x_wconf 88' lang='lat' dir='ltr'>rursus</span> <span class='ocrx_word' id='word_1_189' title='bbox 506 2197 536 2253; x_wconf 95' lang='lat' dir='ltr'>in</span> <span class='ocrx_word' id='word_1_190' title='bbox 566 2213 684 2268; x_wconf 88' lang='lat' dir='ltr'>corpora</span> <span class='ocrx_word' id='word_1_191' title='bbox 716 2189 944 2268; x_wconf 59' lang='lat' dir='ltr'>detruduntnrssl.</span> <span class='ocrx_word' id='word_1_192' title='bbox 991 2196 1050 2253; x_wconf 88' lang='lat' dir='ltr'>Nec</span> <span class='ocrx_word' id='word_1_193' title='bbox 1078 2213 1142 2253; x_wconf 89' lang='lat' dir='ltr'>vero</span> <span class='ocrx_word' id='word_1_194' title='bbox 1174 2198 1289 2254; x_wconf 88' lang='lat' dir='ltr'>tametsi</span> <span class='ocrx_word' id='word_1_195' title='bbox 1321 2198 1394 2256; x_wconf 84' lang='lat' dir='ltr'>vires</span> 
     </span>
     <span class='ocr_line' id='line_1_22' title="bbox 215 2285 1394 2358; baseline 0.002 -16"><span class='ocrx_word' id='word_1_196' title='bbox 215 2286 360 2358; x_wconf 88' lang='lat' dir='ltr'>genionnn</span> <span class='ocrx_word' id='word_1_197' title='bbox 384 2303 440 2342; x_wconf 91' lang='lat' dir='ltr'>non</span> <span class='ocrx_word' id='word_1_198' title='bbox 463 2303 599 2357; x_wconf 89' lang='lat' dir='ltr'>perennes</span> <span class='ocrx_word' id='word_1_199' title='bbox 624 2289 704 2355; x_wconf 93' lang='lat' dir='ltr'>sunt,</span> <span class='ocrx_word' id='word_1_200' title='bbox 734 2285 867 2358; x_wconf 88' lang='lat' dir='ltr'>quoniam</span> <span class='ocrx_word' id='word_1_201' title='bbox 895 2288 970 2344; x_wconf 91' lang='lat' dir='ltr'>certo</span> <span class='ocrx_word' id='word_1_202' title='bbox 998 2285 1133 2357; x_wconf 91' lang='lat' dir='ltr'>temporis</span> <span class='ocrx_word' id='word_1_203' title='bbox 1162 2287 1255 2357; x_wconf 90' lang='lat' dir='ltr'>spatio</span> <span class='ocrx_word' id='word_1_204' title='bbox 1279 2290 1394 2358; x_wconf 89' lang='lat' dir='ltr'>peracto</span> 
     </span>
     <span class='ocr_line' id='line_1_23' title="bbox 215 2374 1392 2447; baseline 0.003 -16"><span class='ocrx_word' id='word_1_205' title='bbox 215 2376 352 2432; x_wconf 88' lang='lat' dir='ltr'>bonorum</span> <span class='ocrx_word' id='word_1_206' title='bbox 383 2391 461 2431; x_wconf 92' lang='lat' dir='ltr'>mens</span> <span class='ocrx_word' id='word_1_207' title='bbox 495 2375 532 2431; x_wconf 91' lang='lat' dir='ltr'>ab</span> <span class='ocrx_word' id='word_1_208' title='bbox 567 2374 662 2431; x_wconf 90' lang='lat' dir='ltr'>anima</span> <span class='ocrx_word' id='word_1_209' title='bbox 694 2375 861 2443; x_wconf 77' lang='lat' dir='ltr'>secernitur,</span> <span class='ocrx_word' id='word_1_210' title='bbox 890 2376 986 2431; x_wconf 88' lang='lat' dir='ltr'>tamen</span> <span class='ocrx_word' id='word_1_211' title='bbox 1010 2374 1063 2447; x_wconf 89' lang='lat' dir='ltr'>ipsi</span> <span class='ocrx_word' id='word_1_212' title='bbox 1087 2374 1163 2446; x_wconf 87' lang='lat' dir='ltr'>genii</span> <span class='ocrx_word' id='word_1_213' title='bbox 1187 2393 1243 2432; x_wconf 93' lang='lat' dir='ltr'>non</span> <span class='ocrx_word' id='word_1_214' title='bbox 1266 2379 1392 2447; x_wconf 89' lang='lat' dir='ltr'>pereunt.</span> 
     </span>
     <span class='ocr_line' id='line_1_24' title="bbox 214 2457 1392 2542; baseline 0.002 -22"><span class='ocrx_word' id='word_1_215' title='bbox 214 2463 289 2520; x_wconf 88' lang='lat' dir='ltr'>Nam</span> <span class='ocrx_word' id='word_1_216' title='bbox 303 2464 414 2521; x_wconf 91' lang='lat' dir='ltr'>illorum</span> <span class='ocrx_word' id='word_1_217' title='bbox 429 2480 507 2520; x_wconf 86' lang='lat' dir='ltr'>ruens</span> <span class='ocrx_word' id='word_1_218' title='bbox 523 2463 559 2520; x_wconf 91' lang='lat' dir='ltr'>ad</span> <span class='ocrx_word' id='word_1_219' title='bbox 574 2463 670 2531; x_wconf 90' lang='lat' dir='ltr'>solem,</span> <span class='ocrx_word' id='word_1_220' title='bbox 686 2464 760 2520; x_wconf 91' lang='lat' dir='ltr'>unde</span> <span class='ocrx_word' id='word_1_221' title='bbox 774 2463 902 2536; x_wconf 88' lang='lat' dir='ltr'>profecta</span> <span class='ocrx_word' id='word_1_222' title='bbox 918 2457 1003 2542; x_wconf 76' lang='lat' dir='ltr'>est⁴)‚</span> <span class='ocrx_word' id='word_1_223' title='bbox 1023 2463 1095 2527; x_wconf 90' lang='lat' dir='ltr'>redit</span> <span class='ocrx_word' id='word_1_224' title='bbox 1115 2467 1173 2535; x_wconf 81' lang='lat' dir='ltr'>(pp.</span> <span class='ocrx_word' id='word_1_225' title='bbox 1190 2462 1273 2523; x_wconf 76' lang='grc' dir='ltr'>944θ</span> <span class='ocrx_word' id='word_1_226' title='bbox 1288 2463 1351 2524; x_wconf 83' lang='lat'>945</span> <span class='ocrx_word' id='word_1_227' title='bbox 1359 2468 1392 2537; x_wconf 79' lang='lat'>⁰).</span> 
     </span>
     <span class='ocr_line' id='line_1_25' title="bbox 214 2548 1394 2625; baseline -0.003 -16"><span class='ocrx_word' id='word_1_228' title='bbox 214 2554 277 2610; x_wconf 80' lang='lat' dir='ltr'>Hoc</span> <span class='ocrx_word' id='word_1_229' title='bbox 308 2553 390 2609; x_wconf 74' lang='lat' dir='ltr'>modo</span> <span class='ocrx_word' id='word_1_230' title='bbox 419 2552 494 2625; x_wconf 75' lang='lat' dir='ltr'>genii</span> <span class='ocrx_word' id='word_1_231' title='bbox 518 2555 593 2622; x_wconf 86' lang='grc' dir='ltr'><strong><em>ἄχρις</em></strong></span> <span class='ocrx_word' id='word_1_232' title='bbox 612 2563 657 2606; x_wconf 84' lang='grc' dir='ltr'>τοῦ</span> <span class='ocrx_word' id='word_1_233' title='bbox 677 2554 800 2621; x_wconf 82' lang='grc' dir='ltr'><strong><em>δευτέρου</em></strong></span> <span class='ocrx_word' id='word_1_234' title='bbox 819 2553 934 2606; x_wconf 75' lang='grc' dir='ltr'><strong><em>θανάτου</em></strong></span> <span class='ocrx_word' id='word_1_235' title='bbox 953 2555 1112 2606; x_wconf 77' lang='grc' dir='ltr'><strong><em>διατελοῦσιν</em></strong></span> <span class='ocrx_word' id='word_1_236' title='bbox 1137 2555 1177 2624; x_wconf 77' lang='lat' dir='ltr'>(p.</span> <span class='ocrx_word' id='word_1_237' title='bbox 1207 2548 1308 2624; x_wconf 76' lang='lat' dir='ltr'>942f).</span> <span class='ocrx_word' id='word_1_238' title='bbox 1355 2555 1394 2611; x_wconf 84' lang='lat' dir='ltr'>At</span> 
     </span>
     <span class='ocr_line' id='line_1_26' title="bbox 216 2640 1393 2714; baseline 0.002 -16"><span class='ocrx_word' id='word_1_239' title='bbox 216 2641 320 2699; x_wconf 92' lang='lat' dir='ltr'>obiciat</span> <span class='ocrx_word' id='word_1_240' title='bbox 349 2641 498 2714; x_wconf 87' lang='lat' dir='ltr'>quispiam:</span> <span class='ocrx_word' id='word_1_241' title='bbox 529 2641 603 2709; x_wconf 80' lang='lat' dir='ltr'>Quid</span> <span class='ocrx_word' id='word_1_242' title='bbox 631 2641 683 2698; x_wconf 93' lang='lat' dir='ltr'>hoc</span> <span class='ocrx_word' id='word_1_243' title='bbox 711 2641 747 2697; x_wconf 91' lang='lat' dir='ltr'>ad</span> <span class='ocrx_word' id='word_1_244' title='bbox 776 2641 980 2698; x_wconf 82' lang='lat' dir='ltr'>Xenocratem?</span> <span class='ocrx_word' id='word_1_245' title='bbox 1026 2640 1130 2697; x_wconf 83' lang='lat' dir='ltr'>Contra</span> <span class='ocrx_word' id='word_1_246' title='bbox 1162 2641 1236 2697; x_wconf 92' lang='lat' dir='ltr'>hunc</span> <span class='ocrx_word' id='word_1_247' title='bbox 1264 2641 1393 2713; x_wconf 91' lang='lat' dir='ltr'>singulos</span> 
     </span>
     <span class='ocr_line' id='line_1_27' title="bbox 215 2729 1393 2803; baseline 0 -16"><span class='ocrx_word' id='word_1_248' title='bbox 215 2730 293 2787; x_wconf 92' lang='lat' dir='ltr'>locos</span> <span class='ocrx_word' id='word_1_249' title='bbox 317 2747 378 2787; x_wconf 92' lang='lat' dir='ltr'>cnm</span> <span class='ocrx_word' id='word_1_250' title='bbox 406 2730 481 2787; x_wconf 89' lang='lat' dir='ltr'>illius</span> <span class='ocrx_word' id='word_1_251' title='bbox 506 2730 721 2803; x_wconf 88' lang='lat' dir='ltr'>daemonologia</span> <span class='ocrx_word' id='word_1_252' title='bbox 749 2729 792 2786; x_wconf 88' lang='lat' dir='ltr'>vel</span> <span class='ocrx_word' id='word_1_253' title='bbox 816 2729 1001 2802; x_wconf 88' lang='lat' dir='ltr'>psychologia</span> <span class='ocrx_word' id='word_1_254' title='bbox 1029 2733 1216 2802; x_wconf 80' lang='lat' dir='ltr'>congruentes</span> <span class='ocrx_word' id='word_1_255' title='bbox 1244 2730 1298 2787; x_wconf 92' lang='lat' dir='ltr'>sub</span> <span class='ocrx_word' id='word_1_256' title='bbox 1327 2748 1393 2787; x_wconf 89' lang='lat' dir='ltr'>con-</span> 
     </span>
     <span class='ocr_line' id='line_1_28' title="bbox 140 2813 1394 2902; baseline 0.001 -27"><span class='ocrx_word' id='word_1_257' title='bbox 140 2884 151 2902; x_wconf 44' lang='lat'><strong>·</strong></span> <span class='ocrx_word' id='word_1_258' title='bbox 215 2822 293 2877; x_wconf 82' lang='lat' dir='ltr'>textu</span> <span class='ocrx_word' id='word_1_259' title='bbox 307 2819 364 2877; x_wconf 93' lang='lat' dir='ltr'>iam</span> <span class='ocrx_word' id='word_1_260' title='bbox 378 2819 484 2876; x_wconf 86' lang='lat' dir='ltr'>notari.</span> <span class='ocrx_word' id='word_1_261' title='bbox 527 2821 647 2891; x_wconf 88' lang='lat' dir='ltr'>Insuper</span> <span class='ocrx_word' id='word_1_262' title='bbox 669 2836 697 2891; x_wconf 92' lang='lat' dir='ltr'>p.</span> <span class='ocrx_word' id='word_1_263' title='bbox 723 2813 806 2895; x_wconf 64' lang='lat' dir='ltr'>945b</span> <span class='ocrx_word' id='word_1_264' title='bbox 829 2819 902 2876; x_wconf 90' lang='lat' dir='ltr'>inter</span> <span class='ocrx_word' id='word_1_265' title='bbox 925 2836 1028 2891; x_wconf 88' lang='lat' dir='ltr'>pravos</span> <span class='ocrx_word' id='word_1_266' title='bbox 1052 2819 1203 2876; x_wconf 89' lang='lat' dir='ltr'>daemones</span> <span class='ocrx_word' id='word_1_267' title='bbox 1227 2819 1312 2892; x_wconf 82' lang='lat' dir='ltr'>Tityi,</span> <span class='ocrx_word' id='word_1_268' title='bbox 1337 2820 1394 2893; x_wconf 85' lang='lat' dir='ltr'>Ty-</span> 
     </span>
     <span class='ocr_line' id='line_1_29' title="bbox 214 2902 1394 2982; baseline 0 -17"><span class='ocrx_word' id='word_1_269' title='bbox 214 2910 335 2980; x_wconf 86' lang='lat' dir='ltr'>phones,</span> <span class='ocrx_word' id='word_1_270' title='bbox 360 2902 482 2982; x_wconf 73' lang='lat' dir='ltr'>Pytlro⁵)</span> <span class='ocrx_word' id='word_1_271' title='bbox 507 2908 660 2965; x_wconf 84' lang='lat' dir='ltr'>habentur:</span> <span class='ocrx_word' id='word_1_272' title='bbox 691 2907 727 2965; x_wconf 85' lang='lat' dir='ltr'>cf.</span> <span class='ocrx_word' id='word_1_273' title='bbox 761 2925 848 2979; x_wconf 87' lang='lat' dir='ltr'>supra</span> <span class='ocrx_word' id='word_1_274' title='bbox 881 2925 910 2979; x_wconf 87' lang='lat' dir='ltr'>p.</span> <span class='ocrx_word' id='word_1_275' title='bbox 944 2906 1017 2980; x_wconf 78' lang='lat' dir='ltr'>osq.</span> <span class='ocrx_word' id='word_1_276' title='bbox 1065 2908 1138 2976; x_wconf 80' lang='lat' dir='ltr'>Quid</span> <span class='ocrx_word' id='word_1_277' title='bbox 1170 2909 1283 2976; x_wconf 89' lang='lat' dir='ltr'>mirum,</span> <span class='ocrx_word' id='word_1_278' title='bbox 1313 2908 1337 2965; x_wconf 93' lang='lat' dir='ltr'>si</span> <span class='ocrx_word' id='word_1_279' title='bbox 1366 2910 1394 2965; x_wconf 94' lang='lat' dir='ltr'>in</span> 
     </span>
     <span class='ocr_line' id='line_1_30' title="bbox 216 2996 1394 3055; baseline 0.001 -1"><span class='ocrx_word' id='word_1_280' title='bbox 216 2998 307 3054; x_wconf 92' lang='lat' dir='ltr'>media</span> <span class='ocrx_word' id='word_1_281' title='bbox 335 2997 497 3054; x_wconf 85' lang='lat' dir='ltr'>narratione</span> <span class='ocrx_word' id='word_1_282' title='bbox 521 2997 724 3054; x_wconf 78' lang='lat' dir='ltr'>Chalcedonius</span> <span class='ocrx_word' id='word_1_283' title='bbox 752 2996 797 3053; x_wconf 90' lang='lat' dir='ltr'>bis</span> <span class='ocrx_word' id='word_1_284' title='bbox 826 3015 843 3053; x_wconf 91' lang='lat' dir='ltr'>a</span> <span class='ocrx_word' id='word_1_285' title='bbox 866 2997 1020 3054; x_wconf 91' lang='lat' dir='ltr'>Plutarcho</span> <span class='ocrx_word' id='word_1_286' title='bbox 1049 2997 1201 3054; x_wconf 85' lang='lat' dir='ltr'>landatur?</span> <span class='ocrx_word' id='word_1_287' title='bbox 1247 2997 1309 3054; x_wconf 90' lang='lat' dir='ltr'>Uno</span> <span class='ocrx_word' id='word_1_288' title='bbox 1333 2998 1394 3055; x_wconf 90' lang='lat' dir='ltr'>loco</span> 
     </span>
     <span class='ocr_line' id='line_1_31' title="bbox 215 3081 1394 3158; baseline -0.002 -12"><span class='ocrx_word' id='word_1_289' title='bbox 215 3104 242 3158; x_wconf 88' lang='lat' dir='ltr'>p.</span> <span class='ocrx_word' id='word_1_290' title='bbox 268 3081 349 3146; x_wconf 68' lang='lat' dir='ltr'>baaf</span> <span class='ocrx_word' id='word_1_291' title='bbox 368 3087 521 3155; x_wconf 89' lang='lat' dir='ltr'>sententia,</span> <span class='ocrx_word' id='word_1_292' title='bbox 554 3104 626 3158; x_wconf 92' lang='lat' dir='ltr'>quae</span> <span class='ocrx_word' id='word_1_293' title='bbox 650 3087 683 3143; x_wconf 91' lang='lat' dir='ltr'>de</span> <span class='ocrx_word' id='word_1_294' title='bbox 712 3086 796 3142; x_wconf 88' lang='lat' dir='ltr'>lunae</span> <span class='ocrx_word' id='word_1_295' title='bbox 828 3088 932 3142; x_wconf 89' lang='lat' dir='ltr'>natura</span> <span class='ocrx_word' id='word_1_296' title='bbox 959 3085 1112 3157; x_wconf 81' lang='lat' dir='ltr'>profertur,</span> <span class='ocrx_word' id='word_1_297' title='bbox 1137 3087 1293 3143; x_wconf 87' lang='lat' dir='ltr'>Xenocrate</span> <span class='ocrx_word' id='word_1_298' title='bbox 1322 3089 1394 3144; x_wconf 89' lang='lat' dir='ltr'>teste</span> 
     </span>
     <span class='ocr_line' id='line_1_32' title="bbox 216 3166 1394 3247; baseline -0.003 -16"><span class='ocrx_word' id='word_1_299' title='bbox 216 3166 411 3232; x_wconf 69' lang='lat' dir='ltr'>confirmatur:</span> <span class='ocrx_word' id='word_1_300' title='bbox 439 3179 523 3229; x_wconf 84' lang='grc' dir='ltr'><em>Ταῦτα</em></span> <span class='ocrx_word' id='word_1_301' title='bbox 551 3176 580 3229; x_wconf 82' lang='grc' dir='ltr'>δὲ</span> <span class='ocrx_word' id='word_1_302' title='bbox 607 3178 653 3229; x_wconf 88' lang='grc' dir='ltr'><strong><em>καί</em></strong></span> <span class='ocrx_word' id='word_1_303' title='bbox 673 3176 837 3244; x_wconf 79' lang='grc' dir='ltr'><strong><em>Ξενοκράτης</em></strong></span> <span class='ocrx_word' id='word_1_304' title='bbox 865 3177 950 3229; x_wconf 82' lang='grc' dir='ltr'><strong><em>ἔοικεν</em></strong></span> <span class='ocrx_word' id='word_1_305' title='bbox 977 3177 1095 3247; x_wconf 80' lang='grc' dir='ltr'><strong><em>ἐννοῆσαι</em></strong></span> <span class='ocrx_word' id='word_1_306' title='bbox 1118 3178 1185 3244; x_wconf 73' lang='grc' dir='ltr'><em>θείῳ</em></span> <span class='ocrx_word' id='word_1_307' title='bbox 1209 3177 1255 3228; x_wconf 84' lang='grc' dir='ltr'><strong><em>τινὶ</em></strong></span> <span class='ocrx_word' id='word_1_308' title='bbox 1278 3178 1394 3245; x_wconf 76' lang='grc' dir='ltr'><strong><em>λογισμῷ</em></strong></span> 
     </span>
     <span class='ocr_line' id='line_1_33' title="bbox 216 3261 1393 3336; baseline 0.003 -19"><span class='ocrx_word' id='word_1_309' title='bbox 216 3265 261 3333; x_wconf 73' lang='grc' dir='ltr'>τὴν</span> <span class='ocrx_word' id='word_1_310' title='bbox 279 3265 365 3333; x_wconf 78' lang='grc' dir='ltr'><strong><em>ἀρχὴν</em></strong></span> <span class='ocrx_word' id='word_1_311' title='bbox 382 3265 472 3334; x_wconf 76' lang='grc' dir='ltr'><strong><em>λαβὼν</em></strong></span> <span class='ocrx_word' id='word_1_312' title='bbox 490 3265 561 3332; x_wconf 76' lang='grc' dir='ltr'><strong><em>παρὰ</em></strong></span> <span class='ocrx_word' id='word_1_313' title='bbox 580 3266 730 3327; x_wconf 74' lang='grc' dir='ltr'><strong><em>Πλάτωνος,</em></strong></span> <span class='ocrx_word' id='word_1_314' title='bbox 750 3264 838 3320; x_wconf 86' lang='grc'>011010</span> <span class='ocrx_word' id='word_1_315' title='bbox 858 3281 886 3335; x_wconf 88' lang='lat' dir='ltr'>p.</span> <span class='ocrx_word' id='word_1_316' title='bbox 903 3261 986 3323; x_wconf 63' lang='grc' dir='ltr'>944Ε</span> <span class='ocrx_word' id='word_1_317' title='bbox 1000 3263 1170 3320; x_wconf 88' lang='lat' dir='ltr'>Plutarchus</span> <span class='ocrx_word' id='word_1_318' title='bbox 1191 3263 1313 3320; x_wconf 88' lang='lat' dir='ltr'>eiusdem</span> <span class='ocrx_word' id='word_1_319' title='bbox 1331 3264 1393 3336; x_wconf 89' lang='lat' dir='ltr'>phi·</span> 
     </span>
     <span class='ocr_line' id='line_1_34' title="bbox 215 3351 1394 3423; baseline 0.002 -16"><span class='ocrx_word' id='word_1_320' title='bbox 215 3351 326 3423; x_wconf 92' lang='lat' dir='ltr'>losophi</span> <span class='ocrx_word' id='word_1_321' title='bbox 355 3353 388 3408; x_wconf 93' lang='lat' dir='ltr'>de</span> <span class='ocrx_word' id='word_1_322' title='bbox 416 3351 499 3420; x_wconf 81' lang='lat' dir='ltr'>solie,</span> <span class='ocrx_word' id='word_1_323' title='bbox 527 3352 624 3420; x_wconf 89' lang='lat' dir='ltr'>lunae,</span> <span class='ocrx_word' id='word_1_324' title='bbox 649 3354 740 3409; x_wconf 89' lang='lat' dir='ltr'>terrae</span> <span class='ocrx_word' id='word_1_325' title='bbox 770 3352 942 3409; x_wconf 90' lang='lat' dir='ltr'>substantiis</span> <span class='ocrx_word' id='word_1_326' title='bbox 971 3352 1127 3409; x_wconf 87' lang='lat' dir='ltr'>doctrinam</span> <span class='ocrx_word' id='word_1_327' title='bbox 1155 3352 1215 3409; x_wconf 90' lang='lat' dir='ltr'>sine</span> <span class='ocrx_word' id='word_1_328' title='bbox 1244 3353 1328 3409; x_wconf 92' lang='lat' dir='ltr'>dubio</span> <span class='ocrx_word' id='word_1_329' title='bbox 1357 3353 1394 3409; x_wconf 90' lang='lat' dir='ltr'>ad</span> 
     </span>
     <span class='ocr_line' id='line_1_35' title="bbox 215 3440 1393 3514; baseline 0.002 -18"><span class='ocrx_word' id='word_1_330' title='bbox 215 3440 330 3496; x_wconf 84' lang='lat' dir='ltr'>verbum</span> <span class='ocrx_word' id='word_1_331' title='bbox 355 3440 462 3497; x_wconf 88' lang='lat' dir='ltr'>attulit.</span> <span class='ocrx_word' id='word_1_332' title='bbox 510 3441 703 3498; x_wconf 79' lang='lat' dir='ltr'>Certissimum</span> <span class='ocrx_word' id='word_1_333' title='bbox 727 3441 814 3513; x_wconf 90' lang='lat' dir='ltr'>igitur</span> <span class='ocrx_word' id='word_1_334' title='bbox 838 3442 974 3498; x_wconf 89' lang='lat' dir='ltr'>habemus</span> <span class='ocrx_word' id='word_1_335' title='bbox 997 3441 1202 3511; x_wconf 91' lang='lat' dir='ltr'>testimonium,</span> <span class='ocrx_word' id='word_1_336' title='bbox 1227 3441 1300 3498; x_wconf 91' lang='lat' dir='ltr'>unde</span> <span class='ocrx_word' id='word_1_337' title='bbox 1325 3458 1393 3514; x_wconf 89' lang='lat' dir='ltr'>cog-</span> 
     </span>
     <span class='ocr_line' id='line_1_36' title="bbox 216 3529 1394 3604; baseline 0.003 -20"><span class='ocrx_word' id='word_1_338' title='bbox 216 3544 368 3586; x_wconf 89' lang='lat' dir='ltr'>noscamus</span> <span class='ocrx_word' id='word_1_339' title='bbox 396 3529 579 3586; x_wconf 90' lang='lat' dir='ltr'>Plutarchum</span> <span class='ocrx_word' id='word_1_340' title='bbox 611 3529 685 3586; x_wconf 91' lang='lat' dir='ltr'>hunc</span> <span class='ocrx_word' id='word_1_341' title='bbox 719 3529 844 3587; x_wconf 88' lang='lat' dir='ltr'>libellum</span> <span class='ocrx_word' id='word_1_342' title='bbox 877 3530 1046 3587; x_wconf 85' lang='lat' dir='ltr'>scribentem</span> <span class='ocrx_word' id='word_1_343' title='bbox 1078 3529 1244 3587; x_wconf 86' lang='lat' dir='ltr'>Xenocratis</span> <span class='ocrx_word' id='word_1_344' title='bbox 1277 3530 1394 3604; x_wconf 85' lang='lat' dir='ltr'>physica</span> 
     </span>
    </p>
   </div>
   <div class='ocr_carea' id='block_1_7' title="bbox 216 3786 1393 4069">
    <p class='ocr_par' dir='ltr' id='par_1_8' title="bbox 216 3786 1393 4069">
     <span class='ocr_line' id='line_1_37' title="bbox 306 3786 1393 3858; baseline -0.001 -18"><span class='ocrx_word' id='word_1_345' title='bbox 306 3789 325 3853; x_wconf 86' lang='lat'>¹)</span> <span class='ocrx_word' id='word_1_346' title='bbox 350 3788 389 3840; x_wconf 82' lang='lat' dir='ltr'>Ut</span> <span class='ocrx_word' id='word_1_347' title='bbox 412 3786 466 3841; x_wconf 82' lang='lat' dir='ltr'>iam</span> <span class='ocrx_word' id='word_1_348' title='bbox 488 3789 568 3841; x_wconf 83' lang='lat' dir='ltr'>Plato</span> <span class='ocrx_word' id='word_1_349' title='bbox 589 3788 617 3842; x_wconf 87' lang='lat' dir='ltr'>in</span> <span class='ocrx_word' id='word_1_350' title='bbox 640 3789 708 3842; x_wconf 86' lang='lat' dir='ltr'>Tim.</span> <span class='ocrx_word' id='word_1_351' title='bbox 734 3789 768 3858; x_wconf 84' lang='lat' dir='ltr'>(p.</span> <span class='ocrx_word' id='word_1_352' title='bbox 790 3790 853 3856; x_wconf 73' lang='lat' dir='ltr'>30b)</span> <span class='ocrx_word' id='word_1_353' title='bbox 877 3796 938 3841; x_wconf 82' lang='grc' dir='ltr'><strong><em>νοῦν</em></strong></span> <span class='ocrx_word' id='word_1_354' title='bbox 961 3789 988 3839; x_wconf 84' lang='grc' dir='ltr'>ἒν</span> <span class='ocrx_word' id='word_1_355' title='bbox 1015 3796 1104 3855; x_wconf 76' lang='grc' dir='ltr'><strong><em>ψυχῇ,</em></strong></span> <span class='ocrx_word' id='word_1_356' title='bbox 1127 3787 1219 3855; x_wconf 81' lang='grc' dir='ltr'><strong><em>ψυχὴν</em></strong></span> <span class='ocrx_word' id='word_1_357' title='bbox 1241 3789 1269 3839; x_wconf 78' lang='grc' dir='ltr'>ἐν</span> <span class='ocrx_word' id='word_1_358' title='bbox 1293 3787 1393 3853; x_wconf 83' lang='grc' dir='ltr'><strong><em>σώματι</em></strong></span> 
     </span>
     <span class='ocr_line' id='line_1_38' title="bbox 217 3859 1393 3927; baseline -0.001 -14"><span class='ocrx_word' id='word_1_359' title='bbox 217 3875 274 3913; x_wconf 87' lang='lat' dir='ltr'>esse</span> <span class='ocrx_word' id='word_1_360' title='bbox 291 3859 427 3926; x_wconf 88' lang='lat' dir='ltr'>docuerat,</span> <span class='ocrx_word' id='word_1_361' title='bbox 443 3859 484 3912; x_wconf 86' lang='lat' dir='ltr'>ita</span> <span class='ocrx_word' id='word_1_362' title='bbox 498 3859 661 3913; x_wconf 87' lang='lat' dir='ltr'>Plutarchus</span> <span class='ocrx_word' id='word_1_363' title='bbox 677 3876 783 3926; x_wconf 91' lang='lat' dir='ltr'>quoque</span> <span class='ocrx_word' id='word_1_364' title='bbox 798 3861 831 3913; x_wconf 90' lang='lat' dir='ltr'>de</span> <span class='ocrx_word' id='word_1_365' title='bbox 851 3876 913 3927; x_wconf 90' lang='lat' dir='ltr'>gen.</span> <span class='ocrx_word' id='word_1_366' title='bbox 929 3861 1001 3912; x_wconf 87' lang='lat' dir='ltr'>Socr.</span> <span class='ocrx_word' id='word_1_367' title='bbox 1018 3862 1052 3911; x_wconf 77' lang='grc'>22</span> <span class='ocrx_word' id='word_1_368' title='bbox 1066 3859 1240 3911; x_wconf 80' lang='lat' dir='ltr'>Timarchum</span> <span class='ocrx_word' id='word_1_369' title='bbox 1259 3859 1393 3925; x_wconf 88' lang='lat' dir='ltr'>quendam</span> 
     </span>
     <span class='ocr_line' id='line_1_39' title="bbox 216 3930 1393 3998; baseline -0.001 -15"><span class='ocrx_word' id='word_1_370' title='bbox 216 3930 245 3984; x_wconf 92' lang='lat' dir='ltr'>in</span> <span class='ocrx_word' id='word_1_371' title='bbox 263 3930 412 3997; x_wconf 84' lang='lat' dir='ltr'>Trophonii</span> <span class='ocrx_word' id='word_1_372' title='bbox 431 3936 510 3983; x_wconf 88' lang='lat' dir='ltr'>antro</span> <span class='ocrx_word' id='word_1_373' title='bbox 530 3930 628 3984; x_wconf 88' lang='lat' dir='ltr'>similia</span> <span class='ocrx_word' id='word_1_374' title='bbox 644 3931 805 3998; x_wconf 86' lang='lat' dir='ltr'>comperisse</span> <span class='ocrx_word' id='word_1_375' title='bbox 824 3931 949 3983; x_wconf 86' lang='lat' dir='ltr'>tradidit.</span> <span class='ocrx_word' id='word_1_376' title='bbox 984 3931 1069 3995; x_wconf 71' lang='lat' dir='ltr'>Quam</span> <span class='ocrx_word' id='word_1_377' title='bbox 1084 3930 1236 3983; x_wconf 89' lang='lat' dir='ltr'>doctrinam</span> <span class='ocrx_word' id='word_1_378' title='bbox 1256 3931 1291 3982; x_wconf 88' lang='lat' dir='ltr'>ad</span> <span class='ocrx_word' id='word_1_379' title='bbox 1305 3931 1393 3983; x_wconf 91' lang='lat' dir='ltr'>Xeno-</span> 
     </span>
     <span class='ocr_line' id='line_1_40' title="bbox 217 4001 1166 4069; baseline 0.001 -15"><span class='ocrx_word' id='word_1_380' title='bbox 217 4008 320 4055; x_wconf 86' lang='lat' dir='ltr'>cratem</span> <span class='ocrx_word' id='word_1_381' title='bbox 338 4001 427 4054; x_wconf 90' lang='lat' dir='ltr'>redire</span> <span class='ocrx_word' id='word_1_382' title='bbox 446 4002 614 4059; x_wconf 85' lang='lat' dir='ltr'>Schoemann</span> <span class='ocrx_word' id='word_1_383' title='bbox 633 4002 788 4069; x_wconf 89' lang='lat' dir='ltr'>suspicatus</span> <span class='ocrx_word' id='word_1_384' title='bbox 808 4002 898 4055; x_wconf 89' lang='lat' dir='ltr'>estin</span> <span class='ocrx_word' id='word_1_385' title='bbox 917 4017 1008 4068; x_wconf 90' lang='lat' dir='ltr'>opusc.</span> <span class='ocrx_word' id='word_1_386' title='bbox 1028 4003 1042 4054; x_wconf 91' lang='lat' dir='ltr'>I</span> <span class='ocrx_word' id='word_1_387' title='bbox 1060 4019 1085 4068; x_wconf 92' lang='lat' dir='ltr'>p.</span> <span class='ocrx_word' id='word_1_388' title='bbox 1106 4002 1166 4055; x_wconf 80' lang='lat'>372.</span> 
     </span>
    </p>
   </div>
   <div class='ocr_carea' id='block_1_8' title="bbox 307 4081 776 4150">
    <p class='ocr_par' dir='ltr' id='par_1_9' title="bbox 307 4081 776 4150">
     <span class='ocr_line' id='line_1_41' title="bbox 307 4081 776 4150; baseline -0.038 -9"><span class='ocrx_word' id='word_1_389' title='bbox 307 4083 327 4150; x_wconf 74' lang='lat'>¹²)</span> <span class='ocrx_word' id='word_1_390' title='bbox 347 4082 387 4135; x_wconf 77' lang='lat' dir='ltr'>Of.</span> <span class='ocrx_word' id='word_1_391' title='bbox 410 4083 448 4135; x_wconf 90' lang='lat' dir='ltr'>De</span> <span class='ocrx_word' id='word_1_392' title='bbox 467 4081 520 4135; x_wconf 87' lang='lat' dir='ltr'>def.</span> <span class='ocrx_word' id='word_1_393' title='bbox 541 4098 577 4135; x_wconf 92' lang='lat' dir='ltr'>or.</span> <span class='ocrx_word' id='word_1_394' title='bbox 600 4084 632 4136; x_wconf 88' lang='lat'>13</span> <span class='ocrx_word' id='word_1_395' title='bbox 651 4099 676 4149; x_wconf 94' lang='lat' dir='ltr'>p.</span> <span class='ocrx_word' id='word_1_396' title='bbox 696 4083 776 4135; x_wconf 68' lang='lat' dir='ltr'>417o,</span> 
     </span>
    </p>
   </div>
   <div class='ocr_carea' id='block_1_9' title="bbox 210 4160 1465 4583">
    <p class='ocr_par' dir='ltr' id='par_1_10' title="bbox 210 4160 1465 4583">
     <span class='ocr_line' id='line_1_42' title="bbox 306 4160 1465 4229; baseline -0.002 -14"><span class='ocrx_word' id='word_1_397' title='bbox 306 4162 326 4226; x_wconf 71' lang='grc'>3)</span> <span class='ocrx_word' id='word_1_398' title='bbox 345 4164 386 4215; x_wconf 91' lang='lat' dir='ltr'>De</span> <span class='ocrx_word' id='word_1_399' title='bbox 410 4162 463 4215; x_wconf 84' lang='lat' dir='ltr'>def.</span> <span class='ocrx_word' id='word_1_400' title='bbox 489 4178 526 4216; x_wconf 91' lang='lat' dir='ltr'>or.</span> <span class='ocrx_word' id='word_1_401' title='bbox 547 4163 580 4215; x_wconf 90' lang='grc'>10</span> <span class='ocrx_word' id='word_1_402' title='bbox 603 4179 628 4229; x_wconf 94' lang='lat' dir='ltr'>p.</span> <span class='ocrx_word' id='word_1_403' title='bbox 648 4163 718 4214; x_wconf 72' lang='lat'>4150</span> <span class='ocrx_word' id='word_1_404' title='bbox 741 4161 947 4229; x_wconf 86' lang='lat' dir='ltr'>impotentiores</span> <span class='ocrx_word' id='word_1_405' title='bbox 975 4160 1026 4229; x_wconf 88' lang='lat' dir='ltr'>ipsi</span> <span class='ocrx_word' id='word_1_406' title='bbox 1050 4177 1078 4213; x_wconf 88' lang='lat' dir='ltr'>se</span> <span class='ocrx_word' id='word_1_407' title='bbox 1102 4160 1252 4214; x_wconf 89' lang='lat' dir='ltr'>demittunt</span> <span class='ocrx_word' id='word_1_408' title='bbox 1279 4160 1308 4213; x_wconf 89' lang='lat' dir='ltr'>in</span> <span class='ocrx_word' id='word_1_409' title='bbox 1337 4177 1394 4215; x_wconf 90' lang='lat' dir='ltr'>cor·</span> <span class='ocrx_word' id='word_1_410' title='bbox 1462 4196 1465 4202; x_wconf 83' lang='lat'><em>-</em></span> 
     </span>
     <span class='ocr_line' id='line_1_43' title="bbox 210 4233 1392 4386; baseline 0.001 -31"><span class='ocrx_word' id='word_1_411' title='bbox 210 4247 283 4321; x_wconf 63' lang='lat' dir='ltr'>&#39;pora</span> <span class='ocrx_word' id='word_1_412' title='bbox 300 4233 471 4370; x_wconf 49' lang='lat' dir='ltr'>lJlmlllaelelnatem</span> <span class='ocrx_word' id='word_1_413' title='bbox 498 4303 604 4358; x_wconf 87' lang='lat' dir='ltr'>animae</span> <span class='ocrx_word' id='word_1_414' title='bbox 632 4304 752 4386; x_wconf 68' lang='grc' dir='ltr'>111ρο1ον</span> <span class='ocrx_word' id='word_1_415' title='bbox 776 4304 951 4371; x_wconf 75' lang='grc' dir='ltr'><strong><em>εἰσκρίνεσθαι</em></strong></span> <span class='ocrx_word' id='word_1_416' title='bbox 975 4304 1143 4356; x_wconf 88' lang='lat' dir='ltr'>Xenocrates</span> <span class='ocrx_word' id='word_1_417' title='bbox 1171 4303 1310 4356; x_wconf 84' lang='lat' dir='ltr'>docuerat.</span> <span class='ocrx_word' id='word_1_418' title='bbox 1352 4303 1392 4356; x_wconf 82' lang='lat' dir='ltr'>Of.</span> 
     </span>
     <span class='ocr_line' id='line_1_44' title="bbox 217 4374 1393 4515; baseline 0.003 -21"><span class='ocrx_word' id='word_1_419' title='bbox 217 4374 278 4426; x_wconf 35' lang='lat' dir='ltr'><strong>Aet·</strong></span> <span class='ocrx_word' id='word_1_420' title='bbox 298 4374 477 4512; x_wconf 48' lang='lat' dir='ltr'>lllagicvhrir’n</span> <span class='ocrx_word' id='word_1_421' title='bbox 485 4377 715 4514; x_wconf 64' lang='grc' dir='ltr'>11410411039(201δ)111.θ</span> <span class='ocrx_word' id='word_1_422' title='bbox 717 4378 803 4500; x_wconf 61' lang='lat' dir='ltr'>lPlut.</span> <span class='ocrx_word' id='word_1_423' title='bbox 828 4448 899 4515; x_wconf 85' lang='lat' dir='ltr'>Aug.</span> <span class='ocrx_word' id='word_1_424' title='bbox 925 4445 1005 4499; x_wconf 91' lang='lat' dir='ltr'>Vind.</span> <span class='ocrx_word' id='word_1_425' title='bbox 1031 4445 1099 4498; x_wconf 82' lang='lat'>1885</span> <span class='ocrx_word' id='word_1_426' title='bbox 1123 4463 1148 4512; x_wconf 89' lang='lat' dir='ltr'>p.</span> <span class='ocrx_word' id='word_1_427' title='bbox 1167 4446 1214 4513; x_wconf 82' lang='lat'>40)</span> <span class='ocrx_word' id='word_1_428' title='bbox 1238 4462 1286 4512; x_wconf 93' lang='lat' dir='ltr'>pro</span> <span class='ocrx_word' id='word_1_429' title='bbox 1306 4446 1393 4499; x_wconf 86' lang='lat' dir='ltr'>altero</span> 
     </span>
     <span class='ocr_line' id='line_1_45' title="bbox 220 4516 575 4583; baseline 0.011 -16"><span class='ocrx_word' id='word_1_430' title='bbox 220 4516 318 4583; x_wconf 76' lang='grc' dir='ltr'><strong><em>Τύφων</em></strong></span> <span class='ocrx_word' id='word_1_431' title='bbox 336 4516 507 4571; x_wconf 88' lang='lat' dir='ltr'>scribendum</span> <span class='ocrx_word' id='word_1_432' title='bbox 526 4523 575 4572; x_wconf 85' lang='lat' dir='ltr'>est.</span> 
     </span>
    </p>
   </div>
   <div class='ocr_carea' id='block_1_10' title="bbox 0 0 1614 5010">
    <p class='ocr_par' dir='ltr' id='par_1_11' title="bbox 0 0 1614 5010">
     <span class='ocr_line' id='line_1_46' title="bbox 0 0 1614 5010; baseline 0 0"><span class='ocrx_word' id='word_1_433' title='bbox 0 0 1614 5010; x_wconf 95' lang='lat' dir='ltr'> </span> 
     </span>
    </p>
   </div>
  </div>
 </body>
</html>
