3210 5010
700 305 898 366 „g-

301 483 379 552 Quac
404 499 465 540 cum
490 483 530 540 ita
555 483 622 553 sint,
646 485 742 540 tamen
765 482 931 539 Platonicae
955 482 1057 557 origini
1080 500 1237 556 repugnare
1260 483 1391 541 1111111111

212 589 268 630 nou
287 589 380 645 pauca
395 571 510 641 indicia,
530 590 601 645 quae
617 571 710 644 magis
730 572 938 645 Pythagoream
957 589 1042 644 quam
1060 572 1239 629 Platonicam
1257 573 1389 645 prodant.

210 660 276 719 Non
310 661 371 718 dico
404 662 562 718 animarum
589 660 786 734 migrationem
820 663 847 718 et
880 660 1046 718 daemonum
1077 661 1234 719 ministeria
1257 695 1301 703 -
1324 680 1389 719 nam

211 750 283 808 talia
302 750 443 809 Platonici
467 767 577 823 quoque
601 749 742 807 docebant
764 782 809 790 —
832 750 882 807 sed
905 749 1096 808 insulsissima
1119 767 1296 808 numerorum
1320 751 1390 808 arti-

212 839 277 896 ficia
301 857 384 912 capp.
408 838 458 899 11.
482 838 532 909 12,
548 857 620 912 quae
643 838 727 895 nimis
751 838 862 895 illorum
887 838 1042 896 doctrinam
1068 840 1193 912 sapiant.
1232 839 1390 897 111111111-
1468 866 1472 873 ·

212 929 293 986 sibus
312 928 429 986 Hesiodi
454 928 557 1001 quibus
581 928 614 986 de
638 928 823 1002 nymphamm
849 930 943 985 111111
953 922 974 1000 ¹)
1000 928 1096 1001 agitur
1119 929 1216 986 allatis
1240 930 1390 986 daemones

211 1035 261 1090 per
282 1016 368 1078 9720
389 1034 479 1074 annos
499 1019 650 1090 perdurare
669 1017 815 1074 statuitur.
853 1017 908 1074 Hic
931 1034 1064 1075 uumerus
1088 1020 1200 1075 secatur
1218 1018 1246 1075 in
1266 1017 1391 1074 membra

215 1100 444 1166 10><4><3ὁ
468 1107 497 1163 in
525 1125 555 1163 se
584 1107 669 1163 hasce
697 1105 823 1163 illustres
851 1108 879 1163 et
906 1106 1069 1178 praeclaras
1098 1107 1216 1164 virtutos
1239 1106 1390 1164 habentia:

213 1195 333 1269 primum
353 1195 507 1253 membrum
527 1197 672 1253 11111011
696 1195 781 1252 decas
799 1195 1050 1268 Pythagoreomm,
1076 1196 1229 1253 secundum
1253 1198 1296 1253 est
1320 1213 1390 1268 qua·

213 1285 313 1354 ternio,
334 1303 419 1357 quam
439 1284 528 1341 eidem
547 1284 645 1358 magni
659 1284 776 1354 faciunt,
797 1284 931 1356 quoniam
951 1285 1101 1357 exprimis
1121 1287 1255 1357 quattuor
1273 1284 1391 1358 paribus

214 1376 242 1431 et
269 1373 369 1446 primis
397 1373 554 1446 imparibus
582 1373 611 1430 in
639 1390 725 1430 unam
756 1390 923 1431 summmam
951 1374 1077 1431 collectis
1105 1376 1243 1448 tetractys
1272 1373 1392 1431 efficitur

214 1465 301 1537 (Plut.
326 1463 359 1520 de
383 1466 421 1522 Is.
449 1461 489 1524 76
513 1481 541 1535 p.
567 1460 673 1535 382⁸),
698 1462 774 1519 tertii
802 1462 920 1534 denique
948 1462 1065 1519 membri
1089 1463 1196 1520 numeri
1220 1466 1286 1521 sunt
1309 1462 1392 1535 primi

212 1553 336 1625 impares
359 1553 424 1609 inde
449 1571 465 1608 a
489 1552 617 1609 monade.
655 1552 699 1608 En
722 1552 794 1608 mira
817 1552 1059 1625 Pythagoreorum
1084 1552 1204 1610 artificia
1229 1555 1266 1625 (1.
1292 1551 1390 1610 Zeller.

212 1635 247 1700 Ι4
270 1659 298 1714 p.
323 1639 388 1702 366
402 1659 464 1714 sqq.
492 1641 587 1698 Chalc.
616 1641 645 1697 in
669 1640 741 1698 Tim.
766 1638 808 1700 35
824 1644 910 1714 sqq).
957 1641 1016 1698 Nec
1040 1660 1104 1700 1110
1129 1659 1245 1714 prorsus
1270 1641 1390 1699 alienum

213 1734 258 1789 111
279 1731 333 1787 hoc
355 1748 446 1803 genus
469 1730 697 1803 philosophandi,
723 1730 797 1802 quod
821 1730 904 1787 nobis
927 1731 1033 1802 puerile
1057 1733 1085 1788 et
1112 1731 1249 1788 lusorium
1272 1730 1390 1799 videtur,

215 1839 231 1877 a
259 1819 389 1878 Platonis
418 1819 644 1889 successoribus,
678 1819 780 1892 quippe
814 1820 861 1891 qui
895 1820 1136 1893 Pythagoreorum
1167 1820 1290 1893 vestigia
1322 1820 1391 1877 adeo

214 1909 382 1982 presserint,
415 1911 447 1966 ut
479 1926 656 1966 numerorum
689 1907 846 1966 doctrinam
876 1911 1069 1982 propagarent
1097 1911 1125 1967 et
1148 1909 1276 1983 mysticis
1308 1909 1392 1966 rebus

215 2014 387 2072 magnopere
421 1998 566 2056 studerent
600 1997 702 2071 (Zeller
733 1989 800 2054 Ila3
829 1995 892 2057 848
908 1999 993 2070 sqq).
1040 1999 1131 2068 Quid?
1165 1999 1236 2071 quod
1270 2000 1393 2055 loannes

215 2088 310 2162 Lydus
341 2087 386 2160 (de
410 2105 498 2145 meus.
523 2088 580 2157 111,
614 2086 630 2148 7
656 2104 683 2158 p.
709 2084 749 2146 37
776 2086 896 2160 Schow.)
926 2087 959 2144 de
982 2089 1139 2145 Xenocrate
1171 2088 1291 2145 tradidit
1314 2091 1392 2142 οἰκει-

214 2180 305 2236 ότατος
331 2178 376 2231 καὶ
398 2177 539 2246 προσφυὴς
562 2179 578 2230 ό
601 2177 673 2231 ἐννέα
696 2176 809 2244 ἀριθμός
833 2185 863 2244 τῇ
886 2178 1002 2247 Σελήνη·
1032 2179 1106 2237 οὗτος
1130 2178 1177 2246 γὰρ
1201 2178 1293 2232 ἑαυτὸν
1320 2187 1395 2246 γεννᾷ

214 2266 281 2320 κατὰ
299 2267 476 2334 Ξενοκράτην·
492 2267 611 2335 ἀόριστος
625 2265 673 2335 γὰρ
688 2267 704 2333 ἡ
720 2266 795 2334 άχρις
809 2266 927 2325 ἐννεάδος
942 2269 1070 2336 πρόβασις
1084 2268 1129 2321 καὶ
1143 2268 1238 2335 πλήθει
1253 2267 1393 2324 σύνοικοςῖ

214 2356 333 2426 Insuper
357 2354 391 2412 cf.
411 2354 486 2414 Plut.
513 2355 547 2411 de
571 2372 617 2411 an.
642 2370 733 2426 proer.
758 2353 787 2410 in
811 2353 882 2411 Tim.
907 2371 930 2412 c.
954 2353 990 2414 11
1014 2373 1076 2428 sqq.
1114 2355 1155 2412 lle
1178 2355 1278 2412 harum
1302 2371 1392 2410 rerum

215 2445 392 2502 Xenocratea
416 2442 524 2516 origine
548 2443 678 2515 quamvis
702 2442 793 2499 adhuc
817 2443 947 2501 dubitare
970 2444 1064 2515 hceat,
1088 2447 1184 2502 tamen
1207 2445 1286 2501 nulla
1310 2443 1390 2501 dubi-

214 2533 286 2591 tatio
311 2533 344 2590 de
369 2532 434 2590 aliis
457 2532 587 2606 vestigiis
611 2531 791 2589 Chalcedonii
814 2533 979 2591 remanebit.

304 2623 346 2678 De
370 2623 409 2680 Is.
434 2624 463 2679 et
486 2621 535 2679 01.
561 2620 602 2681 26
626 2615 753 2692 113611
778 2623 877 2678 narrat
899 2623 1069 2680 Plutarchus
1092 2624 1276 2680 Xenocratem
1299 2621 1391 2693 philo-

215 2712 334 2784 sophum
364 2711 492 2768 nefastos
521 2711 579 2767 dies
609 2712 634 2767 et
659 2708 758 2778 111111,
788 2709 816 2767 in
841 2711 944 2782 quibus
977 2713 1092 2769 verbera
1124 2713 1256 2784 planctus
1289 2709 1392 2767 ieiunia

214 2801 283 2858 mali
307 2800 409 2858 ominis
432 2816 515 2857 voces
538 2800 755 2871 usurparentur,
780 2815 835 2855 uon
860 2799 930 2868 deis,
956 2801 1005 2858 sed
1030 2800 1113 2858 malis
1137 2799 1319 2858 daemonibus
1343 2816 1391 2856 as·

216 2890 356 2963 signasse.
404 2890 482 2946 ldem
514 2889 651 2961 placitum
682 2888 715 2944 de
748 2888 803 2945 def.
833 2904 872 2946 or.
904 2887 944 2948 14
972 2908 1000 2962 p.
1031 2889 1113 2950 4170
1137 2891 1240 2948 omisso
1269 2887 1392 2945 auctoris

215 2980 327 3037 nomine
350 2978 391 3035 ita
416 2980 518 3048 exstat,
542 2980 654 3035 utnon
678 2977 768 3034 solum
792 2977 923 3051 singulae
948 2980 1118 3050 sententiae,
1148 2979 1305 3037 sedetiam
1329 2979 1392 3051 ipsa

143 3110 151 3117 »
215 3069 301 3126 verba
329 3069 488 3140 congmant
520 3085 583 3125 cum
605 3066 798 3124 Xenocrateis.
845 3067 888 3124 Ne
920 3069 1023 3142 longus
1052 3069 1118 3138 sim,
1149 3071 1219 3126 duos
1251 3069 1328 3126 loces
1361 3087 1393 3126 ex

216 3159 335 3215 adverso
359 3174 463 3230 ponam
487 3157 663 3229 adiciamque
689 3155 760 3212 alios
784 3173 894 3228 quoque
918 3158 950 3214 de
974 3158 1028 3215 def.
1053 3175 1092 3214 or.
1117 3158 1207 3215 libelli
1229 3159 1306 3215 locos
1331 3175 1393 3215 cum

215 3247 264 3304 illo
293 3247 399 3320 capite,
424 3246 499 3319 qued
522 3247 566 3303 vel
590 3248 741 3303 extremum
766 3245 803 3301 ad
825 3246 1009 3306 Xenocratem
1038 3247 1126 3304 redire
1150 3247 1268 3317 videtur,
1293 3248 1393 3305 mimm

216 3339 354 3410 quantum
378 3336 595 3394 consentientes
1237 3346 1240 3351 ·

282 3444 315 3500 dc
339 3442 394 3500 def.
420 3440 476 3502 14:
499 3443 589 3512 ἑορτὰς
613 3442 705 3496 δὲκαὶ
724 3442 774 3495 θυ-

215 3536 285 3599 σίας,
311 3535 400 3601 ὥσπερ
423 3533 522 3601 ἡμέρας
545 3532 701 3600 ἀποφράδας
729 3531 774 3583 καί

215 3622 392 3691 σκυθρωπάς,
424 3622 452 3675 ἒν
484 3624 524 3681 αἶς
552 3623 701 3690 ὠμοφαγίαι
729 3620 775 3672 καὶ

216 3713 386 3779 διασπασμοί,
409 3714 524 3780 νηστεῖαί
544 3733 570 3764 τε
593 3711 638 3764 καὶ
661 3711 775 3773 κοπετοί,

214 3801 346 3868 πολλαχοῦ
365 3800 395 3853 δὲ
412 3800 488 3853 πάλιν
513 3801 688 3868 αἰσχρολογίαι
710 3798 776 3867 πρὸς

216 3890 303 3956 ἱεροῖς,
320 3892 410 3955 μανίαι
429 3910 454 3941 re
473 3889 567 3941 άλαλαί
583 3910 609 3941 τε
628 3889 775 3955 ὀρινόμεναι

215 3977 356 4045 ριφαυχένι
366 3976 413 4030 σὺν
423 3978 519 4045 κλόνῳ,
533 3979 606 4031 θεῶν
619 3977 667 4045 μὲν
680 3978 775 4042 οὐδενί,

216 4067 349 4133 δαιμόνων
363 4065 393 4118 δὲ
407 4066 518 4134 φαύλων
531 4066 680 4134 ἀποτροπῆς
699 4067 776 4120 ἕνεκα

216 4153 330 4222 φήσαιμ’
352 4154 383 4207 ἂν
401 4154 528 4207 τελεῖσθαι
541 4156 654 4222 μειλίχια
668 4155 713 4208 καὶ
727 4176 776 4208 πα-

901 3443 934 3500 db
957 3444 996 3500 IS.
1013 3441 1068 3502 26:
1090 3445 1124 3498 Ὁ
1142 3443 1171 3497 δὲ
1191 3445 1393 3513 Ξενοκράτης

833 3533 878 3585 καὶ
897 3541 950 3586 τῶν
968 3534 1076 3602 ἡμερῶν
1099 3533 1142 3592 τὰς
1161 3533 1330 3602 ἀποφράδας,
1348 3534 1394 3586 καὶ

834 3630 886 3675 τῶν
899 3623 998 3688 ἑορτῶν
1011 3624 1068 3674 ὅσαι
1082 3622 1181 3690 πληγάς
1195 3643 1263 3680 τινας
1283 3623 1299 3690 ἢ
1314 3644 1392 3675 κοπε-

834 3710 893 3770 τοὺς
908 3711 924 3779 ἢ
939 3713 1055 3780 νηστείας
1070 3712 1086 3779 ἢ
1100 3712 1250 3779 δυσφημίας
1260 3711 1276 3779 ἢ
1287 3712 1393 3778 αἰσχρο-

834 3801 920 3868 λογίαν
934 3801 1045 3868 ἔχουσιν,
1064 3801 1209 3854 edredesie
1227 3809 1320 3867 τιμαῖς,
1335 3801 1394 3852 οὔτε

834 3891 967 3957 δαιμόνων
991 3892 1070 3943 οἴεται
1096 3890 1239 3958 προσήκειν
1262 3895 1394 3957 χρηστῶν,

834 3978 898 4032 ἀλλὰ
920 3979 984 4032 εἶναι
1013 3979 1104 4046 φύσεις
1131 3979 1159 4031 ἓν
1187 3987 1223 4046 τῷ
1250 3978 1393 4045 περιέχοντι

833 4067 946 4136 μεγάλας
963 4067 1012 4134 μὲν
1030 4068 1076 4121 καὶ
1098 4068 1214 4136 ι’σχυράς,
1233 4068 1394 4133 δυστρόπους

835 4155 927 4209 δὲκαὶ
950 4156 1126 4224 σκυθρωπάς,
1149 4159 1178 4209 αἲ
1198 4158 1318 4225 χαίρουσι
1343 4165 1394 4213 τοῖς

306 4366 327 4434 1)
346 4366 476 4421 Mortales
500 4383 559 4421 1111
583 4370 714 4436 nymphas
738 4370 853 4424 tradunt
871 4369 940 4423 Plin.
960 4369 1023 4423 hist.
1045 4376 1102 4423 nat.
1122 4371 1205 4437 XXV,
1227 4374 1242 4424 7
1262 4371 1326 4440 (37),
1347 4374 1393 4439 753

216 4437 264 4564 ἐξ,
277 4438 374 4563 Ab&
399 4440 424 4493 9.
461 4438 535 4492 Serv.
560 4439 596 4492 ad
619 4439 702 4508 Verg.
723 4441 771 4494 ecl.
791 4442 823 4508 X,
845 4442 885 4508 62,
905 4441 1010 4494 Nemes.
1036 4442 1069 4495 de
1095 4453 1152 4495 uae.
1176 4442 1245 4496 hom.
1267 4445 1295 4511 1,
1314 4460 1339 4510 p.
1360 4444 1392 4496 21
