3210 5010
689 330 911 394 -23-

197 508 362 581 ,memoriae
380 509 614 581 prodideruntet
601 510 735 567 tStrabo
761 510 795 582 (Ι,
819 508 905 582 16p.
927 507 1031 581 57)ΙΙ
1018 511 1156 568 tSeneca
1181 513 1252 582 (nat.
1277 514 1388 583 quaest.

214 598 252 667 ΙΙ,
278 596 329 666 26,
355 595 399 669 4).
444 599 524 667 Quod
547 616 611 656 vere
636 601 722 697 caput
745 601 798 667 est,
822 599 875 656 hoc
898 601 1027 656 eventum
1050 599 1191 656 vaticiniis
1215 599 1389 672 praedictum

215 704 277 743 esse
301 685 385 743 refert
404 687 514 760 Trogus
539 688 623 759 (lust.
648 687 715 760 epit.
693 687 806 744 thist.
834 687 905 745 Phil.
931 685 983 746 30.
1009 685 1051 760 4),
1077 688 1124 760 qui
1147 688 1282 746 imitando
1306 689 1388 746 Posi-

214 774 291 831 donii
314 775 435 848 vestigia
458 776 571 848 pressit.
617 775 725 833 Narrat
748 776 821 833 enim
846 770 931 833 ‘inter
953 776 1063 833 insulas
1087 777 1207 834 'lberam
1231 779 1258 834 et
1282 778 1388 834 'Phera-

214 863 287 920 siam
296 857 329 936 ¹),
354 865 443 921 medio
462 865 609 937 utriusque
628 865 705 938 ripae
729 867 758 922 et
780 865 866 922 maris
890 865 983 937 spatie
1007 868 1098 923 terrae
1121 868 1227 924 metum
1250 866 1338 924 fnisse
1362 869 1389 923 ΙΙ

215 955 328 1024 repente
356 970 389 1010 ex
415 954 554 1026 profundo
582 954 704 1011 insulam
733 953 888 1011 emersisse.
935 954 968 1010 ln
992 954 1063 1011 Asia
1093 971 1202 1026 quoque
1226 955 1321 1011 eodem
1345 954 1389 1011 die

214 1041 331 1098 eundem
354 1045 461 1099 motum
483 1045 574 1100 terrae
597 1043 725 1100 Rhodum
749 1042 909 1115 multasque
938 1043 1010 1100 alias
1034 1043 1164 1100 civitates
1187 1043 1269 1116 gravi
1292 1043 1388 1100 ruina-

213 1147 275 1187 rum
298 1131 363 1187 labe
386 1131 577 1201 concussisse,
602 1133 741 1205 quasdam
769 1131 876 1189 solidas
904 1126 1128 1205 absorbuisse2).
1176 1133 1237 1201 Quo
1261 1131 1388 1205 prodigio

213 1219 318 1277 territis
352 1221 480 1278 omnibus
513 1223 593 1277 vates
626 1221 774 1278 cecinisse:
800 1220 891 1278 oriens
914 1221 1103 1278 Romanomm
1131 1221 1277 1293 imperium
1307 1222 1388 1277 vetus

215 1309 384 1366 Graecorum
416 1312 443 1366 ot
466 1310 651 1367 Macedonum
683 1309 863 1367 voratumm'.
910 1309 1036 1367 Audiane
1068 1309 1112 1367 his
1145 1309 1238 1367 verbis
1268 1308 1388 1380 prolatis

214 1415 312 1455 vorsus
336 1398 496 1455 Plutarchei
529 1398 636 1456 oraculi
663 1401 679 1468 ἡ
699 1400 728 1453 δὲ
746 1402 890 1468 στηρίξεται
909 1400 998 1462 αὐτοῦ,
1017 1401 1048 1452 οὐ
1072 1400 1154 1467 φατὸς
1173 1400 1325 1467 ἀνθρώποις
1343 1407 1388 1467 νῆ-

164 1476 169 1483 ⁴
213 1507 269 1546 σος’
293 1489 338 1541 καὶ
357 1491 472 1556 χείρονες
490 1490 583 1556 ἄνδρες
601 1490 675 1557 χερσὶ
692 1489 857 1557 βιησάμενοι,
877 1489 919 1541 τὸν
937 1490 1076 1556 κρείσσονα
1094 1489 1261 1556 νικήσουσινῗ
1302 1487 1387 1543 Porro

213 1576 288 1648 qued
320 1577 357 1633 ad
387 1577 501 1634 tertium
533 1577 677 1634 oraculum
709 1576 812 1634 attinet
840 1594 857 1632 a
882 1576 1032 1633 Plutarcho
1060 1576 1158 1633 leviter
1180 1577 1301 1642 tactum,
1333 1592 1387 1647 qno

212 1664 316 1722 bellum
332 1666 522 1723 Romanorum
537 1683 600 1723 cum
615 1666 702 1723 serris
717 1668 829 1739 gestum
852 1665 1040 1738 praesagitur,
1062 1665 1089 1721 id
1102 1665 1272 1736 permultum
1295 1664 1388 1721 valere

214 1754 335 1812 debebat
358 1755 435 1827 apud
457 1755 651 1823 Posidonium,
677 1755 724 1827 qui
749 1772 810 1812 cum
834 1754 966 1826 Pompeio
995 1755 1083 1811 altere
1114 1770 1256 1810 servornm
1283 1753 1388 1809 victore

212 1843 312 1900 intima
335 1842 527 1901 familiaritate
551 1844 717 1901 coniunctus
748 1845 809 1900 erat
833 1844 870 1915 (r.
894 1843 973 1900 Bake
996 1843 1016 1900 1.
1040 1843 1059 1899 l.
1084 1860 1112 1914 p.
1141 1839 1179 1901 l5
1195 1844 1281 1914 sqq.).
1328 1842 1388 1899 lta-

131 1933 132 1938 ’
214 1950 267 2005 que
290 1933 386 1990 nullus
410 1933 521 2002 dubito,
547 1933 613 2006 quin
637 1933 690 1990 hoc
713 1934 746 1990 de
770 1933 853 2006 Pyth.
878 1950 918 1990 er.
942 1933 1003 1989 loco
1027 1931 1171 1989 Posidonii
1194 1931 1315 2003 vestigia
1339 1930 1388 1986 de-

212 2022 448 2094 prehenderimus.
494 2024 587 2095 Atque
611 2022 696 2080 etiam
719 2023 771 2079 hoc
799 2022 1075 2079 animadvertendum
1104 2022 1161 2089 est,
1191 2020 1265 2093 qued
1293 2020 1388 2077 eodem

213 2111 305 2183 capite
341 2113 461 2168 extremo
494 2111 683 2169 Posidoniano
716 2104 824 2183 more3)
859 2111 995 2183 Epicurea
1032 2109 1160 2167 doctrina
1195 2109 1387 2181 impugnatur.

212 2200 287 2256 Nam
311 2200 413 2257 ibidem
437 2200 537 2257 similis
560 2201 690 2273 Epicurei
719 2200 809 2257 irrisio
833 2198 987 2268 invenitur,
1013 2199 1124 2272 qualem
1147 2198 1316 2255 Posidonius
1340 2215 1387 2269 ap.
1412 2271 1415 2277 .

214 2289 269 2346 Cic.
290 2290 323 2346 de
348 2289 402 2346 div.
423 2291 446 2359 l,
471 2287 519 2359 13,
540 2287 581 2348 23
606 2292 633 2347 et
657 2290 690 2346 de
714 2292 773 2347 nat.
798 2290 873 2346 deor.
894 2290 931 2357 ΙΙ,
957 2286 1008 2358 37,
1034 2285 1076 2348 93
1100 2288 1134 2345 do
1158 2287 1289 2359 scepticis
1312 2286 1387 2343 Aca-

213 2377 381 2435 demicorum
406 2381 433 2435 et
456 2378 655 2450 Epicureorum
678 2377 792 2451 placitis
815 2377 942 2450 protulit.

301 2468 363 2541 Age
387 2467 656 2540 circumspiciamus,
682 2468 819 2540 quomodo
843 2466 948 2524 lactum
973 2466 1020 2534 sit,
1044 2468 1075 2522 ut
1097 2465 1267 2522 Plutarchus
1292 2482 1309 2520 a
1332 2465 1387 2521 Po-

213 2555 321 2613 sidonio
354 2556 532 2628 potissimum
565 2557 675 2614 Stoicae
708 2556 851 2614 doctrinae
888 2555 1038 2629 imaginem
1071 2556 1187 2626 peteret.
1239 2554 1325 2610 Crede
1363 2553 1388 2609 ei

211 2648 362 2718 praecepta
394 2646 471 2703 illius
504 2645 664 2719 philosophi
695 2645 813 2703 manime
837 2644 980 2714 arrisisse,
1014 2643 1117 2716 quippe
1148 2643 1195 2715 qui
1228 2642 1303 2700 omni
1331 2641 1387 2698 fere

212 2735 339 2791 doctrina
357 2735 482 2793 imbutus
502 2735 661 2792 eclecticam
684 2735 826 2807 quandam
849 2734 986 2791 rationem
1007 2732 1192 2790 Plutarcheae
1216 2731 1388 2789 simillimam

212 2824 396 2882 adhibuisset.
443 2826 488 2882 lta
511 2824 616 2897 triplici
638 2825 720 2880 modo
745 2823 946 2881 somniantium
969 2821 1169 2879 divinationem
1193 2820 1326 2892 explicuit
1340 2837 1387 2891 ap.

212 2913 268 2970 Cic.
293 2914 326 2970 de
350 2914 406 2971 div.
431 2916 458 2983 l,
484 2911 540 2983 30,
566 2911 622 2974 64:
647 2907 728 2983 ‘uno,
758 2913 833 2985 quod
856 2912 1002 2984 provideat
1025 2911 1135 2968 animus
1159 2910 1219 2982 ipse
1243 2927 1293 2982 per
1316 2926 1387 2978 sese,

213 3002 316 3075 quippe
348 3003 396 3074 qui
428 3003 540 3060 deorum
566 3002 734 3076 cognatione
757 3004 900 3069 teneatur,
925 3002 1027 3069 altere,
1057 3001 1131 3072 quod
1154 3000 1255 3071 plenus
1279 3015 1327 3054 aer
1351 2997 1389 3054 sit

212 3091 402 3149 inmortalium
426 3092 596 3161 animorum,
625 3091 654 3147 in
683 3092 785 3164 quibus
812 3093 949 3163 tanquam
977 3089 1129 3162 insignitae
1152 3090 1237 3145 notae
1259 3085 1387 3144 veritatis

212 3183 379 3252 appareant,
404 3181 486 3237 tertie
510 3181 585 3252 quod
612 3180 668 3252 ipsi
696 3181 724 3237 di
752 3197 814 3237 curn
843 3178 1044 3236 dormientibus
1073 3176 1296 3249 conloquentur’.
1343 3176 1387 3231 Ad

212 3270 329 3326 eandem
361 3269 517 3326 doctrinam
550 3271 681 3341 spectant
713 3269 799 3325 verba
832 3268 971 3326 Ciceronis
1004 3268 1037 3323 de
1070 3266 1124 3323 dir.
1158 3266 1200 3334 II,
1231 3263 1286 3335 58,
1313 3262 1386 3325 119.

212 3357 312 3415 Nonne
331 3358 409 3415 vides
429 3358 484 3414 iam
504 3376 521 3414 a
540 3357 690 3415 Posidonio
710 3359 859 3414 daemones
879 3357 906 3414 in
927 3374 1008 3414 snam
1031 3356 1064 3412 de
1088 3355 1259 3412 divinatione
1284 3355 1387 3413 doctri-

212 3463 279 3503 nam
307 3447 447 3504 admissos
475 3450 555 3504 esse?
602 3447 656 3504 Sed
683 3464 799 3519 prorsus
829 3446 978 3504 abhorrere
1001 3444 1054 3501 hoc
1077 3444 1213 3516 placitum
1237 3461 1254 3500 a
1279 3443 1386 3502 Stoice-

212 3553 274 3593 rum
297 3536 330 3592 de
355 3536 501 3593 divinitate
520 3536 622 3593 mentis
643 3536 781 3593 humanae
805 3536 915 3592 decreto
929 3535 985 3591 iam
1007 3551 1093 3606 supra
1112 3533 1387 3591 commemoravimus

213 3623 261 3697 (cf.
286 3643 314 3696 p.
340 3623 382 3695 5).
420 3625 531 3681 Primus
552 3624 716 3693 Stoiconnn,
742 3627 877 3697 quantum
903 3624 970 3691 scio,
994 3624 1133 3680 Persaeus
1158 3622 1277 3679 Zenonis
1302 3622 1386 3678 disci-

211 3714 296 3786 pulus
324 3713 450 3771 hemines
478 3715 566 3770 morto
594 3713 742 3771 defunctos
769 3713 843 3770 inter
870 3714 937 3769 deos
965 3711 1091 3784 reposuit
1115 3710 1163 3783 (cf.
1188 3711 1244 3767 Cic.
1269 3711 1302 3767 de
1326 3712 1385 3767 nat.

212 3803 286 3862 deor.
311 3804 334 3872 Ι,
365 3800 411 3872 15,
437 3800 501 3871 38).
548 3803 652 3859 Eodem
675 3803 736 3859 loco
765 3803 898 3859 narratur
921 3801 1106 3874 Chrysippum
1130 3817 1250 3872 magnae
1274 3800 1387 3855 deorum

211 3894 311 3950 turbae
343 3893 469 3949 homines
502 3909 625 3965 quoque,
655 3893 702 3964 qui
726 3891 834 3948 divinit·
834 3893 901 3947 atem
930 3892 1025 3947 essent
1048 3888 1185 3957 assecuti,
1215 3888 1386 3945 adiunxisse.

212 3982 312 4039 ΗΙΙ
306 4000 334 4039 m
367 4000 395 4039 re
427 3982 503 4038 haud
535 3981 684 4039 dubiet
653 3981 738 4038 Stoici
770 3979 881 4053 vulgari
914 3980 948 4035 dc
980 3978 1111 4035 heroibus
1144 3980 1171 4035 et
1203 3977 1387 4035 daemonibus

212 4071 336 4144 opinioni
360 4089 389 4128 se
417 4071 669 4129 accommodabant
656 4074 734 4142 ΙΙΙ.
759 4068 987 4128 Wachsmuthl.
1011 4068 1030 4125 l.
1055 4063 1387 4140 praeponebam

302 4244 320 4302 ¹)
339 4243 378 4295 Of.
398 4242 487 4296 Strab.
510 4242 559 4295 ἀνὰ
581 4243 661 4309 μέσον
683 4241 731 4309 γὰρ
754 4241 843 4309 Θήρας
866 4240 911 4292 καὶ
933 4240 1066 4308 Θηρασίας
1089 4244 1118 4293 ΙΙ
1141 4239 1213 4292 Plut.
1238 4239 1270 4306 ἢν
1292 4238 1388 4306 ἀνῆκεν

212 4313 228 4380 ἡ
247 4313 299 4380 πρὸ
320 4313 410 4381 Θήρας
429 4313 474 4365 καὶ
495 4314 629 4381 Θηρασίας
647 4313 774 4365 θάλασσα.

301 4384 323 4451 ²)
343 4385 382 4438 Cf.
399 4384 487 4438 Strab.
507 4384 534 4436 ἐν
552 4384 581 4436 δὲ
595 4394 625 4451 τῇ
644 4387 753 4450 Φοινικῇ
773 4403 838 4451 φησι
853 4382 1031 4440 Ποσειδώνιος
1050 4381 1187 4448 γενομένου
1206 4389 1313 4448 σεισμοῦ
1332 4381 1387 4433 κτλ.

301 4456 322 4524 ³)
342 4456 382 4509 (ll.
403 4471 494 4509 comm.
519 4455 609 4509 Procli
636 4456 715 4509 Diad.
744 4455 772 4507 in
795 4454 871 4522 prim.
899 4454 1006 4508 Euclid.
1034 4454 1110 4506 elem.
1138 4452 1198 4506 libr.
1227 4470 1252 4520 p.
1282 4454 1333 4505 199
1348 4468 1386 4519 sq.

212 4527 279 4582 edit.
297 4526 397 4581 Friedl.
